<?xml version="1.0" encoding="UTF-8"?>
<!DOCTYPE html PUBLIC "-//W3C//DTD XHTML 1.0 Transitional//EN"
    "http://www.w3.org/TR/xhtml1/DTD/xhtml1-transitional.dtd">
<html xmlns="http://www.w3.org/1999/xhtml" xml:lang="en" lang="en">
 <head>
  <title>
</title>
<meta http-equiv="Content-Type" content="text/html;charset=utf-8" />
  <meta name='ocr-system' content='tesseract 3.04.00' />
  <meta name='ocr-capabilities' content='ocr_page ocr_carea ocr_par ocr_line ocrx_word'/>
</head>
<body>
  <div class='ocr_page' id='page_1' title='image "./quaestionesxeno00rausgoog_0041.png"; bbox 0 0 2928 4580; ppageno 0'>
   <div class='ocr_carea' id='block_1_1' title="bbox 164 197 244 270">
    <p class='ocr_par' dir='ltr' id='par_1_1' title="bbox 164 197 244 270">
     <span class='ocr_line' id='line_1_1' title="bbox 164 197 244 270; baseline 0.05 -4"><span class='ocrx_word' id='word_1_1' title='bbox 164 197 214 270; x_wconf 80' lang='grc'>86-</span> <span class='ocrx_word' id='word_1_2' title='bbox 243 239 244 242; x_wconf 33' lang='lat'>¹</span> 
     </span>
    </p>
   </div>
   <div class='ocr_carea' id='block_1_2' title="bbox 165 395 1288 3183">
    <p class='ocr_par' dir='ltr' id='par_1_2' title="bbox 165 395 1284 2561">
     <span class='ocr_line' id='line_1_2' title="bbox 166 395 1276 488; baseline -0.002 -20"><span class='ocrx_word' id='word_1_3' title='bbox 166 400 229 482; x_wconf 85' lang='lat' dir='ltr'>est,</span> <span class='ocrx_word' id='word_1_4' title='bbox 259 395 338 487; x_wconf 87' lang='lat' dir='ltr'>qued</span> <span class='ocrx_word' id='word_1_5' title='bbox 364 399 387 470; x_wconf 87' lang='lat' dir='ltr'>ii</span> <span class='ocrx_word' id='word_1_6' title='bbox 412 399 552 470; x_wconf 90' lang='lat' dir='ltr'>homines</span> <span class='ocrx_word' id='word_1_7' title='bbox 583 419 657 486; x_wconf 89' lang='lat' dir='ltr'>ques</span> <span class='ocrx_word' id='word_1_8' title='bbox 679 397 830 486; x_wconf 76' lang='lat' dir='ltr'>Theognis</span> <span class='ocrx_word' id='word_1_9' title='bbox 852 397 929 488; x_wconf 90' lang='lat' dir='ltr'>petit</span> <span class='ocrx_word' id='word_1_10' title='bbox 949 419 1054 487; x_wconf 80' lang='lat' dir='ltr'>reapse</span> <span class='ocrx_word' id='word_1_11' title='bbox 1076 403 1106 469; x_wconf 90' lang='lat' dir='ltr'>ct</span> <span class='ocrx_word' id='word_1_12' title='bbox 1126 397 1276 488; x_wconf 81' lang='lat' dir='ltr'>ignobiles</span> 
     </span>
     <span class='ocr_line' id='line_1_3' title="bbox 167 505 1274 592; baseline -0.003 -19"><span class='ocrx_word' id='word_1_13' title='bbox 167 509 197 572; x_wconf 88' lang='lat' dir='ltr'>et</span> <span class='ocrx_word' id='word_1_14' title='bbox 219 508 352 592; x_wconf 79' lang='lat' dir='ltr'>opulenti</span> <span class='ocrx_word' id='word_1_15' title='bbox 374 509 495 575; x_wconf 76' lang='lat' dir='ltr'>haerent</span> <span class='ocrx_word' id='word_1_16' title='bbox 515 510 603 592; x_wconf 84' lang='lat' dir='ltr'>atque</span> <span class='ocrx_word' id='word_1_17' title='bbox 625 509 696 574; x_wconf 88' lang='lat' dir='ltr'>huie</span> <span class='ocrx_word' id='word_1_18' title='bbox 717 512 823 592; x_wconf 88' lang='lat' dir='ltr'>poetae</span> <span class='ocrx_word' id='word_1_19' title='bbox 845 507 1008 578; x_wconf 71' lang='lat' dir='ltr'>sane&#39;cum</span> <span class='ocrx_word' id='word_1_20' title='bbox 1031 509 1145 579; x_wconf 78' lang='lat' dir='ltr'>diuitiis</span> <span class='ocrx_word' id='word_1_21' title='bbox 1167 505 1274 590; x_wconf 84' lang='lat' dir='ltr'>nequi-</span> 
     </span>
     <span class='ocr_line' id='line_1_4' title="bbox 166 611 1275 702; baseline 0.006 -25"><span class='ocrx_word' id='word_1_22' title='bbox 166 611 210 676; x_wconf 87' lang='lat' dir='ltr'>tia</span> <span class='ocrx_word' id='word_1_23' title='bbox 243 611 307 678; x_wconf 85' lang='lat' dir='ltr'>arte</span> <span class='ocrx_word' id='word_1_24' title='bbox 340 613 498 679; x_wconf 88' lang='lat' dir='ltr'>coniuncta</span> <span class='ocrx_word' id='word_1_25' title='bbox 532 628 596 678; x_wconf 88' lang='lat' dir='ltr'>esse</span> <span class='ocrx_word' id='word_1_26' title='bbox 629 613 695 679; x_wconf 88' lang='lat' dir='ltr'>visa</span> <span class='ocrx_word' id='word_1_27' title='bbox 727 616 773 680; x_wconf 86' lang='lat' dir='ltr'>est</span> <span class='ocrx_word' id='word_1_28' title='bbox 783 614 818 702; x_wconf 86' lang='grc'>1).</span> <span class='ocrx_word' id='word_1_29' title='bbox 871 616 1068 700; x_wconf 80' lang='lat' dir='ltr'>Perspicuum</span> <span class='ocrx_word' id='word_1_30' title='bbox 1095 614 1190 698; x_wconf 85' lang='lat' dir='ltr'>igiter</span> <span class='ocrx_word' id='word_1_31' title='bbox 1220 612 1275 683; x_wconf 71' lang='lat' dir='ltr'>est·</span> 
     </span>
     <span class='ocr_line' id='line_1_5' title="bbox 167 715 1276 802; baseline -0.001 -22"><span class='ocrx_word' id='word_1_32' title='bbox 167 715 330 802; x_wconf 74' lang='lat' dir='ltr'>Berginium</span> <span class='ocrx_word' id='word_1_33' title='bbox 354 736 373 783; x_wconf 88' lang='lat' dir='ltr'>a</span> <span class='ocrx_word' id='word_1_34' title='bbox 393 736 463 784; x_wconf 89' lang='lat' dir='ltr'>vero</span> <span class='ocrx_word' id='word_1_35' title='bbox 487 717 649 794; x_wconf 80' lang='lat' dir='ltr'>abomasse,</span> <span class='ocrx_word' id='word_1_36' title='bbox 673 735 742 782; x_wconf 92' lang='lat' dir='ltr'>cum</span> <span class='ocrx_word' id='word_1_37' title='bbox 765 735 800 783; x_wconf 83' lang='lat' dir='ltr'>ex</span> <span class='ocrx_word' id='word_1_38' title='bbox 821 715 1010 785; x_wconf 72' lang='lat' dir='ltr'>Antisthenis</span> <span class='ocrx_word' id='word_1_39' title='bbox 1026 718 1102 783; x_wconf 89' lang='lat' dir='ltr'>libre</span> <span class='ocrx_word' id='word_1_40' title='bbox 1117 717 1175 781; x_wconf 92' lang='lat' dir='ltr'>hoe</span> <span class='ocrx_word' id='word_1_41' title='bbox 1193 715 1276 798; x_wconf 84' lang='lat' dir='ltr'>trag·</span> 
     </span>
     <span class='ocr_line' id='line_1_6' title="bbox 165 815 1275 905; baseline -0.005 -19"><span class='ocrx_word' id='word_1_42' title='bbox 165 820 302 887; x_wconf 79' lang='lat' dir='ltr'>mentum</span> <span class='ocrx_word' id='word_1_43' title='bbox 334 821 464 904; x_wconf 88' lang='lat' dir='ltr'>petitum</span> <span class='ocrx_word' id='word_1_44' title='bbox 492 840 557 887; x_wconf 90' lang='lat' dir='ltr'>esse</span> <span class='ocrx_word' id='word_1_45' title='bbox 579 821 790 905; x_wconf 87' lang='lat' dir='ltr'>suspicaretur.</span> <span class='ocrx_word' id='word_1_46' title='bbox 834 819 916 888; x_wconf 90' lang='lat' dir='ltr'>Nam</span> <span class='ocrx_word' id='word_1_47' title='bbox 943 823 1020 888; x_wconf 86' lang='lat' dir='ltr'>illud</span> <span class='ocrx_word' id='word_1_48' title='bbox 1042 820 1173 905; x_wconf 86' lang='lat' dir='ltr'>quidem,</span> <span class='ocrx_word' id='word_1_49' title='bbox 1198 815 1275 902; x_wconf 88' lang='lat' dir='ltr'>quod</span> 
     </span>
     <span class='ocr_line' id='line_1_7' title="bbox 167 925 1275 1009; baseline -0.004 -19"><span class='ocrx_word' id='word_1_50' title='bbox 167 925 293 1009; x_wconf 87' lang='lat' dir='ltr'>scriptor</span> <span class='ocrx_word' id='word_1_51' title='bbox 315 925 354 991; x_wconf 86' lang='lat' dir='ltr'>ad</span> <span class='ocrx_word' id='word_1_52' title='bbox 376 925 556 990; x_wconf 88' lang='lat' dir='ltr'>sententiam</span> <span class='ocrx_word' id='word_1_53' title='bbox 579 939 664 990; x_wconf 88' lang='lat' dir='ltr'>suam</span> <span class='ocrx_word' id='word_1_54' title='bbox 680 925 933 1009; x_wconf 89' lang='lat' dir='ltr'>comprobandam</span> <span class='ocrx_word' id='word_1_55' title='bbox 948 926 1112 991; x_wconf 86' lang='lat' dir='ltr'>bestiarum</span> <span class='ocrx_word' id='word_1_56' title='bbox 1135 926 1275 989; x_wconf 87' lang='lat' dir='ltr'>naturam</span> 
     </span>
     <span class='ocr_line' id='line_1_8' title="bbox 166 1028 1274 1114; baseline -0.005 -19"><span class='ocrx_word' id='word_1_57' title='bbox 166 1030 306 1113; x_wconf 76' lang='lat' dir='ltr'>respexit,</span> <span class='ocrx_word' id='word_1_58' title='bbox 329 1028 452 1114; x_wconf 88' lang='lat' dir='ltr'>Bergkii</span> <span class='ocrx_word' id='word_1_59' title='bbox 475 1028 663 1094; x_wconf 84' lang='lat' dir='ltr'>coniecturae</span> <span class='ocrx_word' id='word_1_60' title='bbox 686 1029 881 1114; x_wconf 82' lang='lat' dir='ltr'>suffragatur,</span> <span class='ocrx_word' id='word_1_61' title='bbox 912 1031 1053 1114; x_wconf 90' lang='lat' dir='ltr'>quoniam</span> <span class='ocrx_word' id='word_1_62' title='bbox 1076 1035 1145 1095; x_wconf 84' lang='lat' dir='ltr'>eum</span> <span class='ocrx_word' id='word_1_63' title='bbox 1169 1043 1274 1092; x_wconf 89' lang='lat' dir='ltr'>omues</span> 
     </span>
     <span class='ocr_line' id='line_1_9' title="bbox 168 1129 1272 1219; baseline -0.005 -21"><span class='ocrx_word' id='word_1_64' title='bbox 168 1131 342 1219; x_wconf 81' lang='lat' dir='ltr'>Socratiei²)</span> <span class='ocrx_word' id='word_1_65' title='bbox 364 1134 432 1198; x_wconf 88' lang='lat' dir='ltr'>tum</span> <span class='ocrx_word' id='word_1_66' title='bbox 452 1134 584 1198; x_wconf 86' lang='lat' dir='ltr'>maxime</span> <span class='ocrx_word' id='word_1_67' title='bbox 606 1132 802 1198; x_wconf 72' lang='lat' dir='ltr'>Antisthenes</span> <span class='ocrx_word' id='word_1_68' title='bbox 825 1133 862 1198; x_wconf 85' lang='lat' dir='ltr'>ad</span> <span class='ocrx_word' id='word_1_69' title='bbox 876 1136 1036 1217; x_wconf 89' lang='lat' dir='ltr'>praecepta</span> <span class='ocrx_word' id='word_1_70' title='bbox 1051 1133 1179 1200; x_wconf 89' lang='lat' dir='ltr'>moralia</span> <span class='ocrx_word' id='word_1_71' title='bbox 1201 1129 1272 1195; x_wconf 91' lang='lat' dir='ltr'>illu-</span> 
     </span>
     <span class='ocr_line' id='line_1_10' title="bbox 166 1234 1273 1320; baseline -0.004 -18"><span class='ocrx_word' id='word_1_72' title='bbox 166 1236 288 1302; x_wconf 87' lang='lat' dir='ltr'>stranda</span> <span class='ocrx_word' id='word_1_73' title='bbox 317 1234 454 1319; x_wconf 82' lang='lat' dir='ltr'>exempla</span> <span class='ocrx_word' id='word_1_74' title='bbox 484 1253 519 1301; x_wconf 86' lang='lat' dir='ltr'>ex</span> <span class='ocrx_word' id='word_1_75' title='bbox 547 1253 647 1302; x_wconf 88' lang='lat' dir='ltr'>rerum</span> <span class='ocrx_word' id='word_1_76' title='bbox 673 1237 780 1302; x_wconf 86' lang='lat' dir='ltr'>natura</span> <span class='ocrx_word' id='word_1_77' title='bbox 813 1238 907 1320; x_wconf 92' lang='lat' dir='ltr'>petita</span> <span class='ocrx_word' id='word_1_78' title='bbox 940 1238 1081 1304; x_wconf 89' lang='lat' dir='ltr'>adhibere</span> <span class='ocrx_word' id='word_1_79' title='bbox 1113 1236 1273 1316; x_wconf 70' lang='lat' dir='ltr'>celeberr).</span> 
     </span>
     <span class='ocr_line' id='line_1_11' title="bbox 168 1337 1278 1423; baseline -0.003 -17"><span class='ocrx_word' id='word_1_80' title='bbox 168 1339 228 1406; x_wconf 87' lang='lat' dir='ltr'>Sed</span> <span class='ocrx_word' id='word_1_81' title='bbox 249 1341 366 1406; x_wconf 83' lang='lat' dir='ltr'>aetenae</span> <span class='ocrx_word' id='word_1_82' title='bbox 388 1339 555 1405; x_wconf 88' lang='lat' dir='ltr'>sententiae</span> <span class='ocrx_word' id='word_1_83' title='bbox 576 1337 665 1423; x_wconf 90' lang='lat' dir='ltr'>plane</span> <span class='ocrx_word' id='word_1_84' title='bbox 689 1340 854 1406; x_wconf 78' lang='lat' dir='ltr'>penuariae</span> <span class='ocrx_word' id='word_1_85' title='bbox 876 1345 945 1407; x_wconf 90' lang='lat' dir='ltr'>sunt</span> <span class='ocrx_word' id='word_1_86' title='bbox 966 1342 1156 1408; x_wconf 82' lang='lat' dir='ltr'>Antisthenis</span> <span class='ocrx_word' id='word_1_87' title='bbox 1187 1339 1278 1405; x_wconf 88' lang='lat' dir='ltr'>disei-</span> 
     </span>
     <span class='ocr_line' id='line_1_12' title="bbox 167 1441 1277 1529; baseline -0.003 -18"><span class='ocrx_word' id='word_1_88' title='bbox 167 1445 277 1529; x_wconf 89' lang='lat' dir='ltr'>piinae.</span> <span class='ocrx_word' id='word_1_89' title='bbox 321 1441 403 1508; x_wconf 89' lang='lat' dir='ltr'>Nam</span> <span class='ocrx_word' id='word_1_90' title='bbox 426 1443 610 1529; x_wconf 84' lang='lat' dir='ltr'>Theognidis</span> <span class='ocrx_word' id='word_1_91' title='bbox 630 1443 817 1509; x_wconf 86' lang='lat' dir='ltr'>voluntatem</span> <span class='ocrx_word' id='word_1_92' title='bbox 839 1463 857 1510; x_wconf 89' lang='lat' dir='ltr'>a</span> <span class='ocrx_word' id='word_1_93' title='bbox 878 1445 966 1528; x_wconf 88' lang='lat' dir='ltr'>plebe</span> <span class='ocrx_word' id='word_1_94' title='bbox 995 1445 1126 1511; x_wconf 89' lang='lat' dir='ltr'>alienam</span> <span class='ocrx_word' id='word_1_95' title='bbox 1157 1443 1277 1529; x_wconf 83' lang='lat' dir='ltr'>(lyricis</span> 
     </span>
     <span class='ocr_line' id='line_1_13' title="bbox 166 1547 1280 1632; baseline -0.002 -17"><span class='ocrx_word' id='word_1_96' title='bbox 166 1568 227 1615; x_wconf 89' lang='lat' dir='ltr'>nen</span> <span class='ocrx_word' id='word_1_97' title='bbox 260 1547 487 1630; x_wconf 89' lang='lat' dir='ltr'>comprobatam</span> <span class='ocrx_word' id='word_1_98' title='bbox 518 1547 610 1612; x_wconf 87' lang='lat' dir='ltr'>fuisse</span> <span class='ocrx_word' id='word_1_99' title='bbox 640 1565 694 1629; x_wconf 92' lang='lat' dir='ltr'>pre</span> <span class='ocrx_word' id='word_1_100' title='bbox 723 1548 803 1612; x_wconf 88' lang='lat' dir='ltr'>certe</span> <span class='ocrx_word' id='word_1_101' title='bbox 836 1548 1066 1627; x_wconf 80' lang='lat' dir='ltr'>affirmaverim,</span> <span class='ocrx_word' id='word_1_102' title='bbox 1101 1549 1280 1632; x_wconf 89' lang='lat' dir='ltr'>praesertim</span> 
     </span>
     <span class='ocr_line' id='line_1_14' title="bbox 168 1649 1279 1736; baseline -0.001 -18"><span class='ocrx_word' id='word_1_103' title='bbox 168 1662 237 1719; x_wconf 88' lang='lat' dir='ltr'>cum</span> <span class='ocrx_word' id='word_1_104' title='bbox 261 1649 469 1736; x_wconf 83' lang='lat' dir='ltr'>Theognidem</span> <span class='ocrx_word' id='word_1_105' title='bbox 491 1669 509 1715; x_wconf 87' lang='lat' dir='ltr'>a</span> <span class='ocrx_word' id='word_1_106' title='bbox 530 1650 665 1736; x_wconf 85' lang='lat' dir='ltr'>Diogene</span> <span class='ocrx_word' id='word_1_107' title='bbox 688 1649 845 1733; x_wconf 87' lang='lat' dir='ltr'>Sinopensi</span> <span class='ocrx_word' id='word_1_108' title='bbox 866 1653 1069 1736; x_wconf 85' lang='lat' dir='ltr'>vituperatum</span> <span class='ocrx_word' id='word_1_109' title='bbox 1092 1672 1157 1718; x_wconf 87' lang='lat' dir='ltr'>esse</span> <span class='ocrx_word' id='word_1_110' title='bbox 1185 1653 1279 1718; x_wconf 90' lang='lat' dir='ltr'>tradi·</span> 
     </span>
     <span class='ocr_line' id='line_1_15' title="bbox 168 1753 1282 1840; baseline -0.002 -19"><span class='ocrx_word' id='word_1_111' title='bbox 168 1758 236 1821; x_wconf 86' lang='lat' dir='ltr'>tum</span> <span class='ocrx_word' id='word_1_112' title='bbox 258 1755 298 1821; x_wconf 90' lang='lat' dir='ltr'>sit</span> <span class='ocrx_word' id='word_1_113' title='bbox 321 1755 345 1838; x_wconf 86' lang='lat'>).</span> <span class='ocrx_word' id='word_1_114' title='bbox 389 1753 512 1819; x_wconf 75' lang='lat' dir='ltr'>Etenim</span> <span class='ocrx_word' id='word_1_115' title='bbox 535 1753 639 1838; x_wconf 83' lang='lat' dir='ltr'>Oyntei</span> <span class='ocrx_word' id='word_1_116' title='bbox 660 1755 779 1837; x_wconf 88' lang='lat' dir='ltr'>praeter</span> <span class='ocrx_word' id='word_1_117' title='bbox 793 1754 948 1834; x_wconf 81' lang='lat' dir='ltr'>virtutem,</span> <span class='ocrx_word' id='word_1_118' title='bbox 965 1756 1044 1840; x_wconf 89' lang='lat' dir='ltr'>quod</span> <span class='ocrx_word' id='word_1_119' title='bbox 1059 1756 1124 1820; x_wconf 88' lang='lat' dir='ltr'>sela</span> <span class='ocrx_word' id='word_1_120' title='bbox 1139 1755 1176 1819; x_wconf 86' lang='lat' dir='ltr'>ad</span> <span class='ocrx_word' id='word_1_121' title='bbox 1194 1757 1282 1821; x_wconf 83' lang='lat' dir='ltr'>beate</span> 
     </span>
     <span class='ocr_line' id='line_1_16' title="bbox 168 1857 1283 1944; baseline -0.003 -17"><span class='ocrx_word' id='word_1_122' title='bbox 168 1858 331 1928; x_wconf 85' lang='lat' dir='ltr'>vivendum</span> <span class='ocrx_word' id='word_1_123' title='bbox 353 1857 541 1938; x_wconf 86' lang='lat' dir='ltr'>conduceret,</span> <span class='ocrx_word' id='word_1_124' title='bbox 567 1858 668 1923; x_wconf 90' lang='lat' dir='ltr'>omnia</span> <span class='ocrx_word' id='word_1_125' title='bbox 691 1859 849 1922; x_wconf 89' lang='lat' dir='ltr'>commoda</span> <span class='ocrx_word' id='word_1_126' title='bbox 877 1860 1014 1944; x_wconf 87' lang='lat' dir='ltr'>bonaque</span> <span class='ocrx_word' id='word_1_127' title='bbox 1045 1863 1223 1942; x_wconf 89' lang='lat' dir='ltr'>spreverunt</span> <span class='ocrx_word' id='word_1_128' title='bbox 1252 1863 1283 1924; x_wconf 87' lang='lat' dir='ltr'>et</span> 
     </span>
     <span class='ocr_line' id='line_1_17' title="bbox 172 1958 1280 2049; baseline 0 -20"><span class='ocrx_word' id='word_1_129' title='bbox 172 1960 328 2049; x_wconf 80' lang='grc' dir='ltr'>ἀδιάφορα</span> <span class='ocrx_word' id='word_1_130' title='bbox 350 1979 416 2027; x_wconf 83' lang='lat' dir='ltr'>esse</span> <span class='ocrx_word' id='word_1_131' title='bbox 443 1961 604 2038; x_wconf 80' lang='lat' dir='ltr'>duxerunt,</span> <span class='ocrx_word' id='word_1_132' title='bbox 634 1959 757 2048; x_wconf 81' lang='grc' dir='ltr'>ἀρέσκει</span> <span class='ocrx_word' id='word_1_133' title='bbox 787 1958 818 2028; x_wconf 84' lang='grc' dir='ltr'>δ’</span> <span class='ocrx_word' id='word_1_134' title='bbox 836 1959 942 2040; x_wconf 80' lang='grc' dir='ltr'>αὐτοῖς</span> <span class='ocrx_word' id='word_1_135' title='bbox 968 1965 1058 2042; x_wconf 82' lang='grc' dir='ltr'>λιτῶς</span> <span class='ocrx_word' id='word_1_136' title='bbox 1088 1965 1169 2046; x_wconf 78' lang='grc' dir='ltr'>βιοῦν</span> <span class='ocrx_word' id='word_1_137' title='bbox 1197 2014 1204 2029; x_wconf 89' lang='grc'><strong>.</strong></span> <span class='ocrx_word' id='word_1_138' title='bbox 1237 2015 1242 2029; x_wconf 95' lang='grc'><strong>.</strong></span> <span class='ocrx_word' id='word_1_139' title='bbox 1274 2015 1280 2029; x_wconf 91' lang='grc'><strong>.</strong></span> 
     </span>
     <span class='ocr_line' id='line_1_18' title="bbox 168 2060 1282 2152; baseline -0.001 -19"><span class='ocrx_word' id='word_1_140' title='bbox 168 2063 299 2133; x_wconf 77' lang='grc' dir='ltr'>πλούτου</span> <span class='ocrx_word' id='word_1_141' title='bbox 322 2063 378 2130; x_wconf 81' lang='grc' dir='ltr'>καὶ</span> <span class='ocrx_word' id='word_1_142' title='bbox 400 2060 492 2151; x_wconf 79' lang='grc' dir='ltr'>δόξης</span> <span class='ocrx_word' id='word_1_143' title='bbox 513 2062 568 2131; x_wconf 82' lang='lat' dir='ltr'>aul</span> <span class='ocrx_word' id='word_1_144' title='bbox 591 2061 744 2150; x_wconf 79' lang='grc' dir='ltr'>εὐγενείας</span> <span class='ocrx_word' id='word_1_145' title='bbox 768 2068 1010 2150; x_wconf 77' lang='grc' dir='ltr'>καταφρονοῦσιν</span> <span class='ocrx_word' id='word_1_146' title='bbox 1021 2061 1057 2152; x_wconf 54' lang='grc' dir='ltr'>ι5).</span> <span class='ocrx_word' id='word_1_147' title='bbox 1101 2065 1184 2146; x_wconf 79' lang='lat' dir='ltr'>Quae</span> <span class='ocrx_word' id='word_1_148' title='bbox 1214 2079 1282 2132; x_wconf 88' lang='lat' dir='ltr'>eum</span> 
     </span>
     <span class='ocr_line' id='line_1_19' title="bbox 168 2166 1284 2256; baseline 0 -20"><span class='ocrx_word' id='word_1_149' title='bbox 168 2169 212 2236; x_wconf 88' lang='lat' dir='ltr'>ita</span> <span class='ocrx_word' id='word_1_150' title='bbox 244 2168 313 2247; x_wconf 82' lang='lat' dir='ltr'>rint,</span> <span class='ocrx_word' id='word_1_151' title='bbox 347 2167 550 2251; x_wconf 73' lang='lat' dir='ltr'>{tegmentum</span> <span class='ocrx_word' id='word_1_152' title='bbox 582 2167 658 2232; x_wconf 90' lang='lat' dir='ltr'>illud</span> <span class='ocrx_word' id='word_1_153' title='bbox 687 2167 814 2232; x_wconf 88' lang='lat' dir='ltr'>minime</span> <span class='ocrx_word' id='word_1_154' title='bbox 843 2167 949 2250; x_wconf 88' lang='lat' dir='ltr'>resipit</span> <span class='ocrx_word' id='word_1_155' title='bbox 981 2166 1182 2256; x_wconf 78' lang='lat' dir='ltr'>Cynosargcn</span> <span class='ocrx_word' id='word_1_156' title='bbox 1214 2172 1284 2254; x_wconf 84' lang='lat' dir='ltr'>quia</span> 
     </span>
     <span class='ocr_line' id='line_1_20' title="bbox 169 2264 1283 2355; baseline 0.002 -17"><span class='ocrx_word' id='word_1_157' title='bbox 169 2272 297 2355; x_wconf 81' lang='lat' dir='ltr'>scriptor</span> <span class='ocrx_word' id='word_1_158' title='bbox 317 2269 508 2336; x_wconf 86' lang='lat' dir='ltr'>nobilitatem</span> <span class='ocrx_word' id='word_1_159' title='bbox 530 2290 565 2336; x_wconf 84' lang='lat' dir='ltr'>ex</span> <span class='ocrx_word' id='word_1_160' title='bbox 586 2270 734 2336; x_wconf 85' lang='lat' dir='ltr'>maiorum</span> <span class='ocrx_word' id='word_1_161' title='bbox 757 2271 941 2354; x_wconf 87' lang='lat' dir='ltr'>praestantia</span> <span class='ocrx_word' id='word_1_162' title='bbox 962 2285 1085 2339; x_wconf 86' lang='lat' dir='ltr'>manare</span> <span class='ocrx_word' id='word_1_163' title='bbox 1101 2275 1132 2339; x_wconf 91' lang='lat' dir='ltr'>et</span> <span class='ocrx_word' id='word_1_164' title='bbox 1147 2274 1186 2339; x_wconf 89' lang='lat' dir='ltr'>ad</span> <span class='ocrx_word' id='word_1_165' title='bbox 1205 2264 1283 2340; x_wconf 84' lang='lat' dir='ltr'>hec-</span> 
     </span>
     <span class='ocr_line' id='line_1_21' title="bbox 168 2373 1281 2461; baseline 0.004 -21"><span class='ocrx_word' id='word_1_166' title='bbox 168 2393 219 2441; x_wconf 89' lang='lat' dir='ltr'>res</span> <span class='ocrx_word' id='word_1_167' title='bbox 248 2373 408 2460; x_wconf 85' lang='lat' dir='ltr'>propagari</span> <span class='ocrx_word' id='word_1_168' title='bbox 441 2376 542 2440; x_wconf 87' lang='lat' dir='ltr'>censet</span> <span class='ocrx_word' id='word_1_169' title='bbox 574 2375 664 2457; x_wconf 90' lang='lat' dir='ltr'>atque</span> <span class='ocrx_word' id='word_1_170' title='bbox 697 2373 790 2440; x_wconf 85' lang='lat' dir='ltr'>etiam</span> <span class='ocrx_word' id='word_1_171' title='bbox 822 2373 996 2440; x_wconf 84' lang='lat' dir='ltr'>divitiarum</span> <span class='ocrx_word' id='word_1_172' title='bbox 1029 2378 1281 2461; x_wconf 82' lang='lat' dir='ltr'>vItuperatienem</span> 
     </span>
     <span class='ocr_line' id='line_1_22' title="bbox 171 2477 956 2561; baseline -0.005 -16"><span class='ocrx_word' id='word_1_173' title='bbox 171 2479 267 2545; x_wconf 77' lang='lat' dir='ltr'>vitam</span> <span class='ocrx_word' id='word_1_174' title='bbox 289 2477 407 2543; x_wconf 87' lang='lat' dir='ltr'>studet:</span> <span class='ocrx_word' id='word_1_175' title='bbox 431 2496 468 2542; x_wconf 90' lang='lat' dir='ltr'>en</span> <span class='ocrx_word' id='word_1_176' title='bbox 492 2477 764 2560; x_wconf 78' lang='lat' dir='ltr'>Peripateticorum</span> <span class='ocrx_word' id='word_1_177' title='bbox 787 2478 956 2561; x_wconf 86' lang='lat' dir='ltr'>opinionest</span> 
     </span>
    </p>

    <p class='ocr_par' dir='ltr' id='par_1_3' title="bbox 170 2579 1288 3183">
     <span class='ocr_line' id='line_1_23' title="bbox 273 2579 1285 2667; baseline 0.003 -22"><span class='ocrx_word' id='word_1_178' title='bbox 273 2579 333 2645; x_wconf 81' lang='lat' dir='ltr'>Sed</span> <span class='ocrx_word' id='word_1_179' title='bbox 355 2579 391 2645; x_wconf 90' lang='lat' dir='ltr'>de</span> <span class='ocrx_word' id='word_1_180' title='bbox 413 2580 469 2644; x_wconf 90' lang='lat' dir='ltr'>hae</span> <span class='ocrx_word' id='word_1_181' title='bbox 490 2599 522 2645; x_wconf 90' lang='lat' dir='ltr'>re</span> <span class='ocrx_word' id='word_1_182' title='bbox 544 2582 659 2663; x_wconf 89' lang='lat' dir='ltr'>postea.</span> <span class='ocrx_word' id='word_1_183' title='bbox 704 2579 794 2646; x_wconf 89' lang='lat' dir='ltr'>Nunc</span> <span class='ocrx_word' id='word_1_184' title='bbox 815 2598 980 2663; x_wconf 89' lang='lat' dir='ltr'>proponam</span> <span class='ocrx_word' id='word_1_185' title='bbox 1003 2583 1196 2665; x_wconf 72' lang='lat' dir='ltr'>sarmatiam,</span> <span class='ocrx_word' id='word_1_186' title='bbox 1227 2601 1285 2667; x_wconf 88' lang='lat' dir='ltr'>qua</span> 
     </span>
     <span class='ocr_line' id='line_1_24' title="bbox 171 2680 1284 2773; baseline 0.004 -25"><span class='ocrx_word' id='word_1_187' title='bbox 171 2685 313 2768; x_wconf 88' lang='lat' dir='ltr'>appareat</span> <span class='ocrx_word' id='word_1_188' title='bbox 336 2683 387 2766; x_wconf 89' lang='lat' dir='ltr'>qui</span> <span class='ocrx_word' id='word_1_189' title='bbox 408 2683 522 2749; x_wconf 84' lang='lat' dir='ltr'>factum</span> <span class='ocrx_word' id='word_1_190' title='bbox 545 2684 594 2758; x_wconf 78' lang='lat' dir='ltr'>sit,</span> <span class='ocrx_word' id='word_1_191' title='bbox 616 2686 651 2750; x_wconf 94' lang='lat' dir='ltr'>ut</span> <span class='ocrx_word' id='word_1_192' title='bbox 679 2680 794 2750; x_wconf 85' lang='lat' dir='ltr'>librarii</span> <span class='ocrx_word' id='word_1_193' title='bbox 823 2683 1015 2768; x_wconf 87' lang='lat' dir='ltr'>Xenophonti</span> <span class='ocrx_word' id='word_1_194' title='bbox 1043 2686 1100 2752; x_wconf 90' lang='lat' dir='ltr'>hoe</span> <span class='ocrx_word' id='word_1_195' title='bbox 1129 2687 1284 2773; x_wconf 79' lang='lat' dir='ltr'>fragmen·</span> 
     </span>
     <span class='ocr_line' id='line_1_25' title="bbox 170 2783 1283 2874; baseline 0.004 -23"><span class='ocrx_word' id='word_1_196' title='bbox 170 2790 235 2852; x_wconf 94' lang='lat' dir='ltr'>tum</span> <span class='ocrx_word' id='word_1_197' title='bbox 260 2785 463 2853; x_wconf 88' lang='lat' dir='ltr'>adscribentes</span> <span class='ocrx_word' id='word_1_198' title='bbox 477 2787 638 2854; x_wconf 76' lang='lat' dir='ltr'>inciderint</span> <span class='ocrx_word' id='word_1_199' title='bbox 652 2787 684 2854; x_wconf 91' lang='lat' dir='ltr'>in</span> <span class='ocrx_word' id='word_1_200' title='bbox 699 2807 839 2854; x_wconf 88' lang='lat' dir='ltr'>errorem.</span> <span class='ocrx_word' id='word_1_201' title='bbox 878 2783 981 2855; x_wconf 77' lang='lat' dir='ltr'>Facile</span> <span class='ocrx_word' id='word_1_202' title='bbox 997 2789 1078 2854; x_wconf 86' lang='lat' dir='ltr'>enim</span> <span class='ocrx_word' id='word_1_203' title='bbox 1092 2789 1157 2856; x_wconf 89' lang='lat' dir='ltr'>fieri</span> <span class='ocrx_word' id='word_1_204' title='bbox 1174 2791 1283 2874; x_wconf 82' lang='lat' dir='ltr'>potuit,</span> 
     </span>
     <span class='ocr_line' id='line_1_26' title="bbox 170 2880 1285 2980; baseline 0.004 -25"><span class='ocrx_word' id='word_1_205' title='bbox 170 2893 205 2955; x_wconf 95' lang='lat' dir='ltr'>ut</span> <span class='ocrx_word' id='word_1_206' title='bbox 226 2890 335 2973; x_wconf 85' lang='lat' dir='ltr'>aliquis</span> <span class='ocrx_word' id='word_1_207' title='bbox 356 2889 507 2973; x_wconf 81' lang='lat' dir='ltr'>librarius,</span> <span class='ocrx_word' id='word_1_208' title='bbox 530 2911 599 2959; x_wconf 89' lang='lat' dir='ltr'>cum</span> <span class='ocrx_word' id='word_1_209' title='bbox 621 2892 695 2958; x_wconf 89' lang='lat' dir='ltr'>hace</span> <span class='ocrx_word' id='word_1_210' title='bbox 724 2892 815 2959; x_wconf 85' lang='lat' dir='ltr'>verba</span> <span class='ocrx_word' id='word_1_211' title='bbox 843 2891 976 2978; x_wconf 89' lang='lat' dir='ltr'>legeret:</span> <span class='ocrx_word' id='word_1_212' title='bbox 1008 2880 1096 2971; x_wconf 78' lang='grc' dir='ltr'>οἷντος</span> <span class='ocrx_word' id='word_1_213' title='bbox 1118 2889 1133 2959; x_wconf 80' lang='grc' dir='ltr'>ὁ</span> <span class='ocrx_word' id='word_1_214' title='bbox 1155 2891 1285 2980; x_wconf 84' lang='grc' dir='ltr'>ποιητὴς</span> 
     </span>
     <span class='ocr_line' id='line_1_27' title="bbox 170 2989 1287 3081; baseline 0 -21"><span class='ocrx_word' id='word_1_215' title='bbox 170 2992 239 3079; x_wconf 80' lang='grc' dir='ltr'>περὶ</span> <span class='ocrx_word' id='word_1_216' title='bbox 262 2990 384 3071; x_wconf 73' lang='grc' dir='ltr'>οὐδενος</span> <span class='ocrx_word' id='word_1_217' title='bbox 407 2990 500 3061; x_wconf 77' lang='grc' dir='ltr'>ἄλλον</span> <span class='ocrx_word' id='word_1_218' title='bbox 522 2991 611 3081; x_wconf 81' lang='grc' dir='ltr'>λόγον</span> <span class='ocrx_word' id='word_1_219' title='bbox 633 2994 799 3080; x_wconf 81' lang='grc' dir='ltr'>πεποίηται</span> <span class='ocrx_word' id='word_1_220' title='bbox 820 2989 841 3080; x_wconf 78' lang='grc' dir='ltr'><strong>ἢ</strong></span> <span class='ocrx_word' id='word_1_221' title='bbox 863 2992 932 3081; x_wconf 81' lang='grc' dir='ltr'>περὶ</span> <span class='ocrx_word' id='word_1_222' title='bbox 955 2992 1068 3081; x_wconf 72' lang='grc' dir='ltr'>ἀρετῆς</span> <span class='ocrx_word' id='word_1_223' title='bbox 1089 2993 1145 3061; x_wconf 81' lang='grc' dir='ltr'>καὶ</span> <span class='ocrx_word' id='word_1_224' title='bbox 1170 2994 1287 3072; x_wconf 79' lang='grc' dir='ltr'>κακίας</span> 
     </span>
     <span class='ocr_line' id='line_1_28' title="bbox 174 3093 1288 3183; baseline 0.001 -21"><span class='ocrx_word' id='word_1_225' title='bbox 174 3093 362 3182; x_wconf 67' lang='grc' dir='ltr'>ἀνῖιρῶπων,</span> <span class='ocrx_word' id='word_1_226' title='bbox 391 3095 447 3162; x_wconf 83' lang='grc' dir='ltr'>καὶ</span> <span class='ocrx_word' id='word_1_227' title='bbox 475 3094 556 3162; x_wconf 76' lang='grc' dir='ltr'>ἔστιν</span> <span class='ocrx_word' id='word_1_228' title='bbox 577 3093 598 3182; x_wconf 80' lang='grc' dir='ltr'><strong>ἡ</strong></span> <span class='ocrx_word' id='word_1_229' title='bbox 621 3096 742 3182; x_wconf 82' lang='grc' dir='ltr'>ποίησις</span> <span class='ocrx_word' id='word_1_230' title='bbox 763 3094 831 3181; x_wconf 82' lang='grc' dir='ltr'>περὶ</span> <span class='ocrx_word' id='word_1_231' title='bbox 854 3093 1041 3182; x_wconf 53' lang='lat' dir='ltr'>deipartricem</span> <span class='ocrx_word' id='word_1_232' title='bbox 1072 3095 1170 3183; x_wconf 74' lang='lat' dir='ltr'>decep</span> <span class='ocrx_word' id='word_1_233' title='bbox 1193 3095 1288 3173; x_wconf 78' lang='grc' dir='ltr'>εἴτις</span> 
     </span>
    </p>
   </div>
   <div class='ocr_carea' id='block_1_3' title="bbox 172 3193 1290 3797">
    <p class='ocr_par' dir='ltr' id='par_1_4' title="bbox 172 3193 1290 3797">
     <span class='ocr_line' id='line_1_29' title="bbox 174 3193 1288 3286; baseline 0 -22"><span class='ocrx_word' id='word_1_234' title='bbox 174 3196 298 3274; x_wconf 63' lang='grc' dir='ltr'>ἱππικὸς</span> <span class='ocrx_word' id='word_1_235' title='bbox 320 3193 358 3263; x_wconf 83' lang='lat' dir='ltr'>de</span> <span class='ocrx_word' id='word_1_236' title='bbox 381 3195 568 3284; x_wconf 80' lang='grc' dir='ltr'>σνγγροὶψειε</span> <span class='ocrx_word' id='word_1_237' title='bbox 589 3197 658 3283; x_wconf 82' lang='grc' dir='ltr'>περὶ</span> <span class='ocrx_word' id='word_1_238' title='bbox 678 3198 818 3286; x_wconf 73' lang='grc' dir='ltr'>ἱππικῆς,</span> <span class='ocrx_word' id='word_1_239' title='bbox 842 3217 860 3264; x_wconf 86' lang='lat' dir='ltr'>a</span> <span class='ocrx_word' id='word_1_240' title='bbox 881 3200 1043 3285; x_wconf 84' lang='lat' dir='ltr'>fragmenti</span> <span class='ocrx_word' id='word_1_241' title='bbox 1059 3200 1204 3283; x_wconf 82' lang='lat' dir='ltr'>scriptore</span> <span class='ocrx_word' id='word_1_242' title='bbox 1224 3200 1288 3265; x_wconf 87' lang='lat' dir='ltr'>eius</span> 
     </span>
     <span class='ocr_line' id='line_1_30' title="bbox 172 3299 1288 3386; baseline 0.002 -20"><span class='ocrx_word' id='word_1_243' title='bbox 172 3301 231 3367; x_wconf 84' lang='lat' dir='ltr'>viri</span> <span class='ocrx_word' id='word_1_244' title='bbox 259 3299 445 3365; x_wconf 87' lang='lat' dir='ltr'>mentionem</span> <span class='ocrx_word' id='word_1_245' title='bbox 474 3299 546 3364; x_wconf 89' lang='lat' dir='ltr'>inici</span> <span class='ocrx_word' id='word_1_246' title='bbox 576 3299 764 3383; x_wconf 78' lang='lat' dir='ltr'>opinaretur,</span> <span class='ocrx_word' id='word_1_247' title='bbox 792 3301 844 3384; x_wconf 90' lang='lat' dir='ltr'>qui</span> <span class='ocrx_word' id='word_1_248' title='bbox 873 3302 1040 3385; x_wconf 87' lang='lat' dir='ltr'>antiquitus</span> <span class='ocrx_word' id='word_1_249' title='bbox 1071 3303 1115 3367; x_wconf 91' lang='lat' dir='ltr'>rei</span> <span class='ocrx_word' id='word_1_250' title='bbox 1142 3303 1288 3386; x_wconf 89' lang='lat' dir='ltr'>equestris</span> 
     </span>
     <span class='ocr_line' id='line_1_31' title="bbox 172 3399 1287 3486; baseline 0.003 -18"><span class='ocrx_word' id='word_1_251' title='bbox 172 3403 319 3486; x_wconf 88' lang='lat' dir='ltr'>magister</span> <span class='ocrx_word' id='word_1_252' title='bbox 340 3399 418 3467; x_wconf 83' lang='grc' dir='ltr'>κατ’</span> <span class='ocrx_word' id='word_1_253' title='bbox 436 3399 544 3486; x_wconf 76' lang='grc' dir='ltr'>ἐξοχήν</span> <span class='ocrx_word' id='word_1_254' title='bbox 566 3402 742 3468; x_wconf 85' lang='lat' dir='ltr'>habebatur.</span> <span class='ocrx_word' id='word_1_255' title='bbox 788 3403 884 3483; x_wconf 74' lang='lat' dir='ltr'>Quam</span> <span class='ocrx_word' id='word_1_256' title='bbox 907 3423 972 3469; x_wconf 92' lang='lat' dir='ltr'>rem</span> <span class='ocrx_word' id='word_1_257' title='bbox 999 3406 1033 3469; x_wconf 91' lang='lat' dir='ltr'>ut</span> <span class='ocrx_word' id='word_1_258' title='bbox 1062 3405 1227 3484; x_wconf 85' lang='lat' dir='ltr'>indicaret,</span> <span class='ocrx_word' id='word_1_259' title='bbox 1257 3407 1287 3471; x_wconf 92' lang='lat' dir='ltr'>in</span> 
     </span>
     <span class='ocr_line' id='line_1_32' title="bbox 174 3499 1290 3592; baseline 0.004 -22"><span class='ocrx_word' id='word_1_260' title='bbox 174 3505 311 3590; x_wconf 86' lang='lat' dir='ltr'>margine</span> <span class='ocrx_word' id='word_1_261' title='bbox 333 3503 506 3586; x_wconf 84' lang='lat' dir='ltr'>adscripsit:</span> <span class='ocrx_word' id='word_1_262' title='bbox 535 3499 601 3570; x_wconf 76' lang='grc' dir='ltr'>ἔστι</span> <span class='ocrx_word' id='word_1_263' title='bbox 630 3504 823 3591; x_wconf 76' lang='grc' dir='ltr'>Ξενοφῶντος</span> <span class='ocrx_word' id='word_1_264' title='bbox 849 3504 1046 3592; x_wconf 74' lang='grc' dir='ltr'>σύγγραμμα.</span> <span class='ocrx_word' id='word_1_265' title='bbox 1102 3509 1167 3574; x_wconf 91' lang='lat' dir='ltr'>Iam</span> <span class='ocrx_word' id='word_1_266' title='bbox 1200 3528 1290 3592; x_wconf 85' lang='lat' dir='ltr'>supra</span> 
     </span>
     <span class='ocr_line' id='line_1_33' title="bbox 174 3606 1287 3698; baseline 0.004 -25"><span class='ocrx_word' id='word_1_267' title='bbox 174 3607 387 3678; x_wconf 81' lang='lat' dir='ltr'>demonstravi.</span> <span class='ocrx_word' id='word_1_268' title='bbox 411 3607 556 3688; x_wconf 91' lang='lat' dir='ltr'>quantum</span> <span class='ocrx_word' id='word_1_269' title='bbox 578 3606 651 3671; x_wconf 87' lang='lat' dir='ltr'>insit</span> <span class='ocrx_word' id='word_1_270' title='bbox 673 3607 846 3672; x_wconf 81' lang='lat' dir='ltr'>offensionis</span> <span class='ocrx_word' id='word_1_271' title='bbox 868 3609 898 3672; x_wconf 90' lang='lat' dir='ltr'>in</span> <span class='ocrx_word' id='word_1_272' title='bbox 923 3609 1069 3674; x_wconf 76' lang='lat' dir='ltr'>uocabulo</span> <span class='ocrx_word' id='word_1_273' title='bbox 1089 3608 1287 3698; x_wconf 79' lang='grc' dir='ltr'>σύγγραμμα.</span> 
     </span>
     <span class='ocr_line' id='line_1_34' title="bbox 173 3707 1289 3797; baseline 0.002 -20"><span class='ocrx_word' id='word_1_274' title='bbox 173 3710 255 3777; x_wconf 89' lang='lat' dir='ltr'>Nam</span> <span class='ocrx_word' id='word_1_275' title='bbox 282 3709 366 3775; x_wconf 88' lang='lat' dir='ltr'>nulle</span> <span class='ocrx_word' id='word_1_276' title='bbox 395 3710 484 3775; x_wconf 92' lang='lat' dir='ltr'>mede</span> <span class='ocrx_word' id='word_1_277' title='bbox 513 3707 655 3774; x_wconf 85' lang='lat' dir='ltr'>eredibile</span> <span class='ocrx_word' id='word_1_278' title='bbox 683 3710 729 3774; x_wconf 91' lang='lat' dir='ltr'>ast</span> <span class='ocrx_word' id='word_1_279' title='bbox 762 3707 913 3776; x_wconf 81' lang='lat' dir='ltr'>Graecum</span> <span class='ocrx_word' id='word_1_280' title='bbox 946 3711 1079 3795; x_wconf 88' lang='lat' dir='ltr'>aliquem</span> <span class='ocrx_word' id='word_1_281' title='bbox 1111 3714 1289 3797; x_wconf 89' lang='lat' dir='ltr'>scriptorem</span> 
     </span>
    </p>
   </div>
   <div class='ocr_carea' id='block_1_4' title="bbox 137 3846 1029 4266">
    <p class='ocr_par' dir='ltr' id='par_1_5' title="bbox 137 3846 1029 4266">
     <span class='ocr_line' id='line_1_35' title="bbox 277 3846 1029 3918; baseline -0.001 -17"><span class='ocrx_word' id='word_1_282' title='bbox 277 3847 297 3911; x_wconf 85' lang='lat'>¹)</span> <span class='ocrx_word' id='word_1_283' title='bbox 318 3846 351 3901; x_wconf 85' lang='lat' dir='ltr'>ei.</span> <span class='ocrx_word' id='word_1_284' title='bbox 372 3847 538 3902; x_wconf 84' lang='lat' dir='ltr'>Welclrerum</span> <span class='ocrx_word' id='word_1_285' title='bbox 558 3846 675 3918; x_wconf 78' lang='lat' dir='ltr'>Theogn.</span> <span class='ocrx_word' id='word_1_286' title='bbox 693 3846 751 3902; x_wconf 88' lang='lat' dir='ltr'>rell.</span> <span class='ocrx_word' id='word_1_287' title='bbox 771 3848 888 3918; x_wconf 83' lang='lat' dir='ltr'>prelegg.</span> <span class='ocrx_word' id='word_1_288' title='bbox 908 3863 933 3918; x_wconf 90' lang='lat' dir='ltr'>p.</span> <span class='ocrx_word' id='word_1_289' title='bbox 952 3849 1029 3904; x_wconf 89' lang='lat' dir='ltr'>XIII.</span> 
     </span>
     <span class='ocr_line' id='line_1_36' title="bbox 275 3933 724 4004; baseline 0.002 -16"><span class='ocrx_word' id='word_1_290' title='bbox 275 3934 300 3999; x_wconf 74' lang='lat'>²)</span> <span class='ocrx_word' id='word_1_291' title='bbox 319 3933 411 3988; x_wconf 86' lang='lat' dir='ltr'>Krohn</span> <span class='ocrx_word' id='word_1_292' title='bbox 431 3935 449 3987; x_wconf 92' lang='lat' dir='ltr'>l.</span> <span class='ocrx_word' id='word_1_293' title='bbox 468 3935 530 4004; x_wconf 83' lang='lat' dir='ltr'>tp.</span> <span class='ocrx_word' id='word_1_294' title='bbox 550 3934 601 3988; x_wconf 82' lang='lat'>129</span> <span class='ocrx_word' id='word_1_295' title='bbox 619 3935 647 3989; x_wconf 90' lang='lat' dir='ltr'>et</span> <span class='ocrx_word' id='word_1_296' title='bbox 666 3933 724 3990; x_wconf 83' lang='lat'>130.</span> 
     </span>
     <span class='ocr_line' id='line_1_37' title="bbox 137 4020 622 4100; baseline 0.004 -26"><span class='ocrx_word' id='word_1_297' title='bbox 137 4089 144 4100; x_wconf 19' lang='grc' dir='ltr'>ἡ</span> <span class='ocrx_word' id='word_1_298' title='bbox 275 4020 296 4082; x_wconf 78' lang='lat'>³)</span> <span class='ocrx_word' id='word_1_299' title='bbox 318 4021 403 4074; x_wconf 90' lang='lat' dir='ltr'>Zeller</span> <span class='ocrx_word' id='word_1_300' title='bbox 420 4020 437 4077; x_wconf 90' lang='lat'>1.</span> <span class='ocrx_word' id='word_1_301' title='bbox 456 4021 474 4075; x_wconf 87' lang='lat' dir='ltr'>l.</span> <span class='ocrx_word' id='word_1_302' title='bbox 493 4037 519 4089; x_wconf 89' lang='lat' dir='ltr'>p.</span> <span class='ocrx_word' id='word_1_303' title='bbox 537 4020 622 4084; x_wconf 59' lang='grc'><strong>2503.</strong></span> 
     </span>
     <span class='ocr_line' id='line_1_38' title="bbox 272 4103 757 4177; baseline 0.002 -17"><span class='ocrx_word' id='word_1_304' title='bbox 272 4107 297 4170; x_wconf 64' lang='grc'>4)</span> <span class='ocrx_word' id='word_1_305' title='bbox 317 4105 350 4160; x_wconf 87' lang='lat' dir='ltr'>cl.</span> <span class='ocrx_word' id='word_1_306' title='bbox 371 4105 538 4160; x_wconf 84' lang='lat' dir='ltr'>Welehernm</span> <span class='ocrx_word' id='word_1_307' title='bbox 553 4103 573 4160; x_wconf 90' lang='lat' dir='ltr'>l.</span> <span class='ocrx_word' id='word_1_308' title='bbox 591 4107 610 4163; x_wconf 89' lang='lat' dir='ltr'>l.</span> <span class='ocrx_word' id='word_1_309' title='bbox 628 4123 653 4177; x_wconf 89' lang='lat' dir='ltr'>p.</span> <span class='ocrx_word' id='word_1_310' title='bbox 671 4106 757 4162; x_wconf 85' lang='lat' dir='ltr'>LVII.</span> 
     </span>
     <span class='ocr_line' id='line_1_39' title="bbox 277 4190 588 4266; baseline 0 -20"><span class='ocrx_word' id='word_1_311' title='bbox 277 4193 298 4258; x_wconf 79' lang='lat'>⁵)</span> <span class='ocrx_word' id='word_1_312' title='bbox 317 4190 395 4266; x_wconf 80' lang='lat' dir='ltr'>Dieg.</span> <span class='ocrx_word' id='word_1_313' title='bbox 414 4192 444 4245; x_wconf 83' lang='lat' dir='ltr'>L.</span> <span class='ocrx_word' id='word_1_314' title='bbox 463 4191 511 4255; x_wconf 81' lang='lat' dir='ltr'>VI,</span> <span class='ocrx_word' id='word_1_315' title='bbox 530 4191 588 4246; x_wconf 73' lang='lat'>105.</span> 
     </span>
    </p>
   </div>
   <div class='ocr_carea' id='block_1_5' title="bbox 0 0 1477 4580">
    <p class='ocr_par' dir='ltr' id='par_1_6' title="bbox 0 0 1477 4580">
     <span class='ocr_line' id='line_1_40' title="bbox 0 0 1477 4580; baseline 0 0"><span class='ocrx_word' id='word_1_316' title='bbox 0 0 1477 4580; x_wconf 95' lang='lat' dir='ltr'> </span> 
     </span>
    </p>
   </div>
  </div>
 </body>
</html>
