2928 4580
1266 231 1305 314 11

198 421 358 510 censuisse,
380 431 415 499 ut
439 429 476 500 ad
496 431 592 501 vitam
605 429 726 501 beatam
742 431 772 500 et
785 430 941 501 honestam
962 431 1148 501 conduceret.
1160 427 1186 517 ¹)
1225 425 1307 512 Quo·

196 535 286 601 modo
309 537 388 603 enim
412 538 480 606 aliis
502 539 668 605 artificibus
689 538 721 604 id
743 540 935 623 potissimum
956 543 988 607 in
1010 539 1108 606 officio
1131 533 1307 622 essepnta-

195 639 257 714 bat,
279 641 314 704 ut
334 638 377 709 τὰ
397 641 484 710 καλά
505 667 540 710 τε
562 639 698 730 aspero
719 641 774 710 καὶ
797 641 949 733 &quaqua
973 641 1040 734 ἥξοι
1053 641 1079 730 ²)
1108 639 1309 726 exprimerent

197 743 352 826 operibus,
380 745 423 810 ita
450 747 488 813 iis
517 749 673 831 poetarum
700 746 776 812 locis
808 748 973 831 plurimum
1001 747 1169 827 tribuebat,
1198 745 1249 830 qui
1271 742 1309 810 ad

196 846 338 914 virtutem
361 851 544 933 spectabant.
559 849 585 938 ³)
628 851 694 917 Nec
723 852 825 926 tannen
854 854 911 919 hoc
939 854 1051 920 iudicio
1081 872 1116 918 eo
1145 850 1308 935 perductus

196 952 250 1029 est,
272 954 306 1017 ut
327 973 430 1020 omnes
451 958 569 1038 poetas,
601 955 652 1039 qui
680 956 863 1022 humanitati
892 959 1071 1024 excolendae
1097 975 1155 1022 non
1178 952 1308 1020 inservi-

195 1059 271 1134 rent,
286 1058 466 1142 repudiaret.
502 1062 527 1126 h}
543 1061 624 1128 enim
638 1062 670 1127 in
684 1062 852 1145 praeceptis
867 1081 885 1127 a
900 1061 1022 1129 Socrate
1037 1060 1157 1128 traditis
1168 1058 1307 1143 acquies-

196 1181 266 1226 cens
288 1181 347 1228 non
369 1164 474 1231 eadem
497 1166 656 1231 severitate
679 1185 713 1231 ac
736 1165 824 1230 Plato
847 1186 1040 1251 quaecunque
1058 1167 1173 1232 rationo
1189 1161 1309 1248 cognita
1427 1227 1433 1240 ,

196 1267 467 1353 comprehensaque
488 1270 619 1336 habebat
641 1269 877 1354 persequebatur
899 1273 951 1335 aut
973 1270 1056 1338 omni
1085 1270 1174 1336 modo
1207 1265 1306 1350 perfici

195 1370 323 1435 volebat.
368 1372 456 1438 Plato
464 1376 493 1458 ⁴)
517 1374 607 1453 enim,
630 1393 699 1439 cum
721 1375 817 1438 totam
840 1375 981 1440 virtutem
1000 1376 1031 1441 in
1045 1373 1160 1440 ratione
1172 1371 1306 1456 positam

195 1492 261 1539 esse
292 1475 499 1548 arbitraretur,
532 1478 698 1561 permrdtos
732 1479 833 1543 autem
865 1481 969 1562 poetas
1003 1499 1062 1543 non
1084 1479 1231 1543 rationem
1256 1494 1307 1540 ex-

196 1579 293 1645 colere
322 1580 375 1645 sed
407 1580 603 1648 deterioribus
636 1581 729 1647 animi
762 1583 897 1663 partibus
930 1583 1147 1664 morigerandos
1182 1577 1309 1645 rationis

195 1683 356 1766 imperinm
370 1685 477 1751 tollere
492 1687 522 1751 et
536 1687 658 1770 propter
672 1685 812 1751 mimesin
827 1687 948 1752 veritati
963 1686 1080 1752 officere
1099 1683 1307 1756 intellexisset,

196 1805 317 1854 omnem
338 1790 454 1872 poesim
477 1790 593 1873 epicam
614 1791 645 1855 et
659 1789 806 1874 tragicam
822 1811 856 1856 ex
870 1790 1025 1874 republica
1040 1808 1094 1853 sua
1109 1788 1308 1854 exterminare

195 1911 254 1976 non
277 1891 434 1962 dubitavit.
478 1895 645 1979 Xenophon
668 1897 768 1960 autern
791 1894 821 1960 in
845 1894 942 1975 poetis
963 1893 1131 1960 iudicandis
1153 1910 1212 1958 non
1243 1893 1307 1957 tam

195 1996 344 2062 obstinate
366 1998 519 2066 doctrinae
540 2000 660 2084 placita·
675 1998 863 2082 sequebatur,
886 1998 921 2062 ut
936 1997 974 2062 ab
989 1997 1146 2063 universae
1161 1994 1307 2061 Graeciae

196 2121 280 2168 more
301 2101 448 2170 decedens
477 2107 634 2190 poetarum
665 2103 875 2170 auctoritatem
903 2102 1102 2167 inveteratam
1126 2099 1310 2170 labefactare

195 2206 331 2285 auderet,
360 2207 412 2273 sed
441 2209 472 2274 in
501 2210 557 2276 hac
583 2229 615 2274 re
637 2208 767 2275 multum
791 2206 870 2288 apud
893 2225 962 2271 eum
984 2205 1106 2277 valebat
1127 2223 1215 2270 verae
1238 2203 1308 2290 pul·

196 2310 374 2376 chritudinis
396 2331 501 2378 sensus
525 2314 556 2378 et
578 2311 747 2379 delectatio.
792 2309 890 2391 Quare
913 2310 992 2393 apud
1015 2329 1084 2375 eum
1113 2309 1206 2374 ferma
1235 2327 1310 2373 nus·

196 2433 287 2498 quam
309 2420 468 2483 occurrunt
488 2419 646 2502 poetarum
667 2415 901 2499 vituperationes
923 2415 976 2479 aut
998 2413 1215 2487 cavillationes,
1240 2432 1308 2478 oum

195 2518 284 2584 Plato
306 2521 444 2603 quamvis
474 2523 651 2607 plerumque
678 2519 806 2590 callidus
834 2520 991 2602 poetarum
1021 2517 1225 2590 existimator,
1256 2516 1308 2582 ubi

195 2625 351 2706 poetarum
374 2626 507 2692 carmina
528 2625 712 2710 imaginibus
735 2625 836 2690 mente
859 2642 913 2688 sua
936 2622 1087 2705 conceptis
1115 2623 1146 2686 et
1174 2621 1309 2704 philoso-

196 2726 283 2809 phiae
305 2728 425 2812 placitis
446 2731 579 2802 met'tur,
602 2748 723 2796 severus
745 2727 870 2795 exsistat
890 2725 991 2809 poesis
1011 2726 1197 2807 vituperator
1219 2743 1255 2789 ac
1268 2743 1307 2790 ne

196 2832 329 2897 Homero
352 2832 474 2915 quidem
496 2834 629 2899 debitam
652 2831 863 2899 verecundiam
884 2829 1055 2894 renuntiare
1077 2831 1224 2894 vereatur.
1240 2826 1266 2913 ὅ)

298 2950 356 3016 His
380 2952 412 3017 in
434 2953 608 3020 universum
630 2951 794 3036 disputatis
819 2951 881 3016 iam
912 2948 1115 3033 quaerendum
1145 2953 1209 3026 est,
1240 2949 1312 3033 quid

195 3055 233 3119 de
256 3055 382 3140 singulis
405 3055 588 3123 Graecorum
611 3059 709 3142 poetis
730 3055 898 3139 Xenophon
921 3054 1057 3119 senserit.
1101 3053 1189 3119 Hanc
1208 3055 1310 3118 antem

199 3164 400 3173 ——-—·-—-———-

301 3194 321 3260 1)
342 3193 489 3250 comment.
510 3196 532 3256 Ι,
551 3196 612 3256 alo
628 3177 684 3246 καὶ
706 3176 779 3254 τοὺς
800 3173 979 3263 {aquamola
1004 3180 1063 3241 τῶν
1092 3173 1191 3242 πάλαι
1213 3177 1312 3262 σοφῶν

197 3277 323 3367 ἀνδρῶν,
348 3281 400 3361 οὓς
423 3284 532 3349 ἐκεῖνοι
554 3284 720 3349 κατέλιπον
743 3281 773 3345 ἐν
796 3278 922 3372 βιβλίοις
935 3275 1124 3365 γράψαντες,
1146 3275 1313 3344 ἀνελίττων

197 3404 249 3450 ουν
271 3391 338 3462 τοῖς
360 3385 458 3472 φίλοις
481 3387 650 3472 διέρχομαι,
662 3380 723 3452 κᾶν
741 3407 772 3448 τι
788 3379 902 3468 ὁρῶμεν
918 3379 1088 3467 aipafrin,
1106 3378 1311 3466 concrepans.

197 3501 294 3557 Merito
313 3486 341 3553 ot
362 3484 463 3554 πάλαι
485 3489 573 3576 σοφοί
594 3504 683 3572 potius
703 3506 797 3573 poetae
815 3521 894 3574 quern
912 3503 1062 3572 philosophi
1083 3503 1185 3556 veteres
1211 3502 1303 3556 intelle

195 3591 297 3660 guntur
322 3605 338 3644 a
362 3588 391 3643 O.
415 3591 460 3645 Fr.
486 3593 650 3657 Hermanno,
676 3592 708 3648 de
732 3593 803 3650 Scor.
826 3592 963 3663 magistris
988 3594 1015 3645 et
1040 3590 1181 3658 disciplina
1202 3589 1312 3643 iuvenili

194 3692 220 3746 p.
240 3677 282 3730 45.
304 3676 401 3732 Becker
419 3676 554 3732 Charicles
573 3679 601 3733 II
620 3696 645 3749 p.
666 3681 724 3735 117.
744 3681 828 3734 Zeller
846 3681 863 3734 l.
883 3681 901 3734 l.
919 3695 944 3747 p.
966 3678 1049 3738 nac.
1068 3709 1103 3718 —-
1120 3677 1203 3732 Conv.
1223 3677 1275 3739 lli,
1296 3680 1312 3731 5

196 3788 212 3830 ο
234 3785 339 3848 acc-qq
363 3763 608 3850 ἐπιμελούμενος,
625 3765 709 3845 ὅπως
724 3765 801 3853 ἀνηρ
819 3764 973 3852 ἀγαλος
986 3765 1138 3852 γενοίμην,
1152 3761 1315 3851 ἠνάγκασέ

197 3889 236 3952 με
249 3863 355 3932 πάντα
365 3890 408 3932 τα
424 3863 568 3954 Ὀμήρου
585 3866 643 3956 ἔπη
656 3872 780 3955 parson.
813 3888 901 3940 Haase
918 3887 937 3940 1.
956 3887 974 3938 l.
993 3903 1018 3953 p.
1039 3885 1078 3940 13.

299 3967 322 4036 ²)
341 3967 488 4026 Comment.
506 3970 557 4031 III,
578 3971 643 4032 10.5.

300 4055 321 4121 3)
341 4054 375 4110 of.
393 4054 540 4110 Comment.
559 4056 611 4120 III,
629 4057 680 4120 8,4.
699 4059 784 4113 Zeller
801 4059 820 4115 l.
838 4060 855 4114 l.
875 4073 899 4128 p.
918 4059 960 4114 67.

298 4141 323 4206 ⁴)
342 4141 427 4197 Heine
444 4144 463 4196 l.
481 4145 499 4195 l.
519 4160 544 4210 p.
563 4144 579 4194 3
597 4161 655 4212 sqq.

300 4227 322 4296 6)
341 4226 373 4282 de
390 4246 444 4299 rep.
463 4230 488 4284 X
507 4232 557 4286 395
577 4230 607 4284 B.
