2928 4580
169 212 210 283 14

168 402 265 469 Ulixis
286 402 434 470 imitanda
453 404 540 472 nobis
561 405 726 490 proposuit,
749 423 876 490 quorum
903 407 1065 472 aemulatio
1096 407 1152 475 alit
1184 407 1280 474 virtu·

167 509 240 573 tem.
302 506 348 573 Ao
379 528 563 593 quamquam
595 510 754 577 Niceratus
788 508 895 595 (Gonu.
929 510 983 591 IV,
1016 511 1051 594 6)
1085 511 1161 576 illud
1198 512 1277 594 quod

166 610 360 677 Antisthenes
381 613 633 699 interrogaverat,
659 634 732 680 num
761 614 828 697 quis
851 613 888 680 ab
911 614 1044 680 Homero
1070 617 1276 700 Agamemno·

146 733 236 779 nem
258 714 301 778 ita
322 715 523 782 describente:
554 714 726 803 ἀμφότερον
755 714 897 798 βασιλεύς
931 713 1101 802 τ’ἀγαῖΐος
1130 713 1280 801 κρατερός

165 814 371 904 τάῑχμητής
379 820 405 903 ¹)
434 819 579 906 regnandi
607 824 703 885 artem
725 821 838 886 discere
861 820 966 903 possit,
993 820 1142 904 neglegit,
1173 823 1276 884 tamen

166 920 285 986 aliunde
312 920 448 1004 depromi
474 925 575 1008 potest
596 924 760 1008 responsio.
804 923 959 990 Nimirum
982 923 1152 988 Comment.
1175 925 1231 1003 III,
1255 925 1274 987 2

164 1023 343 1108 explicatur,
360 1026 529 1093 Homerum
550 1045 621 1092 cum
644 1027 760 1093 duobus
780 1027 842 1092 illis
864 1027 1091 1112 cognominibus
1106 1029 1272 1112 Agamem·

163 1145 273 1195 nonem
296 1132 417 1196 exornet
437 1131 598 1214 postulare,
622 1132 656 1195 ut
676 1130 840 1215 imperator
861 1131 1011 1213 perfectus
1026 1149 1081 1195 sua
1098 1129 1273 1194 tortitudine

164 1230 277 1297 milites
306 1230 345 1296 ad
372 1235 514 1300 virtutem
543 1234 706 1317 compellat
733 1253 788 1300 nec
815 1236 879 1299 tam
907 1252 978 1299 snae
1010 1232 1149 1298 felicitati
1181 1251 1304 1332 quam‘

45 1359 47 1364 ·
164 1335 256 1400 totim
282 1335 412 1403 ciuitatis
441 1339 532 1404 saluti
560 1338 723 1418 Inserviat,
754 1356 829 1420 quae
859 1337 981 1420 quidem
1010 1337 1109 1402 officia
1136 1335 1212 1400 item
1242 1354 1278 1400 ex

164 1435 223 1503 alio
252 1438 347 1503 nobili
375 1443 613 1528 Agamemnonis
636 1443 834 1527 cognomento
855 1437 968 1526 ποιμὴν
989 1442 1071 1506 λαῶν
1081 1440 1109 1523 ²)
1138 1437 1277 1504 derivan-

163 1545 222 1606 tur.
270 1541 311 1606 llt
341 1545 473 1626 profecto
505 1547 538 1612 in
569 1547 627 1610 hac
658 1545 849 1628 imperatoris
880 1542 1080 1625 descriptione
1110 1542 1272 1608 Homerica

164 1643 282 1710 videtur
301 1647 401 1728 posita
421 1649 513 1714 fuisse
537 1648 637 1733 regiae
660 1648 766 1712 virutis
799 1647 913 1726 forma,
947 1663 1039 1728 quam
1064 1645 1165 1710 animo
1188 1663 1272 1710 com-

163 1748 341 1833 prehensam
362 1749 493 1817 habebat
515 1754 544 1817 et
566 1770 600 1817 eo
622 1751 709 1833 libro,
727 1751 778 1834 qui
794 1749 978 1834 CynopaedIa
992 1749 1176 1828 inscribitur,
1198 1749 1276 1814 dila·

163 1854 239 1919 tavit
260 1857 291 1918 et
312 1855 491 1938 explanavit.
504 1854 530 1940 ³)
575 1854 676 1922 Simili
697 1845 789 1921 modo
810 1853 1126 1932 Homerumoratoris
1157 1872 1274 1936 quoque

163 1957 303 2024 omnibus
335 1959 468 2024 numeris
500 1959 631 2024 absoluti
662 1959 828 2044 imaginem
860 1975 1024 2040 proponere
1062 1953 1272 2040 arbitratur.⁴)

162 2061 284 2126 Etenim
307 2059 438 2128 Socratis
460 2063 596 2146 exemplo
611 2082 679 2129 eam
694 2062 896 2146 eloquentiam
910 2061 1041 2127 maxime
1055 2059 1093 2124 ad
1112 2058 1270 2125 hominum

163 2166 279 2231 animos
300 2165 461 2232 flectendos
484 2170 586 2249 aptam
608 2185 672 2232 esse
694 2170 826 2246 noverat,
842 2184 918 2248 quae
933 2184 950 2229 a
964 2165 1054 2229 robus
1068 2163 1146 2229 inter
1165 2182 1270 2227 omnes

162 2270 242 2336 notis
264 2287 299 2334 ac
320 2268 483 2355 divulgatis
509 2270 702 2354 proficiscens
731 2271 966 2355 argumentatur.
1019 2266 1139 2332 Ulixem
1169 2270 1271 2331 autem

162 2374 219 2440 hoc
240 2392 348 2460 genere
363 2372 480 2439 dicendi
496 2370 677 2460 (ἀσφαλείᾳ)
693 2373 818 2438 mirifice
834 2372 1029 2438 excellentem
1044 2371 1082 2435 ab
1099 2368 1233 2435 Homero
1243 2369 1269 2454 ⁵)

163 2476 346 2560 desorIptum
368 2495 433 2542 esse
456 2476 596 2542 affirmat.

265 2578 325 2646 Sed
345 2599 405 2646 non
428 2581 526 2646 solum
548 2579 586 2646 ad
607 2579 811 2645 nobilissimas
831 2578 958 2644 uirtutes
980 2573 1180 2661 assequendas
1203 2575 1270 2640 Ho-

162 2703 264 2751 merus
295 2684 376 2750 viam
408 2687 573 2763 monstrat,
608 2703 713 2750 verum
746 2683 839 2748 etiam
875 2682 911 2748 de
947 2682 1053 2747 molita
1089 2679 1269 2745 reconditio-

161 2787 245 2854 ribus
267 2787 382 2853 artibus
403 2791 562 2873 praecepta
583 2787 684 2853 tradit.
729 2786 816 2866 Quod
836 2787 957 2870 quidem
979 2785 1141 2851 Niceratus
1164 2781 1274 2866 (Gonu.

161 2890 216 2972 IV,
238 2891 274 2976 6)
297 2890 412 2959 duobus
435 2893 580 2977 exemplis
602 2891 774 2956 Homericis
783 2890 808 2976 6)
832 2890 1018 2974 comprobat,
1041 2907 1169 2972 quorum
1196 2886 1274 2951 alte-

162 3014 231 3062 rum
252 3014 290 3061 ne
312 2996 549 3080 voluptariarum
563 2995 686 3080 quidem
701 2995 812 3060 artium
828 2994 997 3059 Homerum
1014 2995 1167 3076 expertem
1185 2989 1278 3055 fuisse

163 3097 312 3179 declarat,
343 3099 472 3166 altemm
498 3100 665 3166 identidem
692 3119 711 3164 a
742 3098 895 3164 veteribus
918 3098 1075 3163 laudatum
1098 3097 1136 3160 ad
1158 3094 1280 3179 aurigae

163 3201 297 3268 officium
329 3206 467 3287 spectans
500 3203 642 3270 eximiam
673 3203 717 3268 rai
752 3203 899 3285 equestrts
939 3201 1101 3268 scientiam
1138 3201 1279 3268 ostendit.

162 3303 262 3388 Atque
285 3307 401 3374 axelio
423 3309 628 3392 quoqueloco
650 3306 773 3394 (Cyrop.
802 3306 855 3386 VI,
885 3307 970 3391 126)
1000 3308 1140 3390 apparet,
1173 3303 1276 3371 Xeno-

162 3409 307 3494 phontem
329 3429 365 3477 ea
386 3432 461 3499 quae
483 3413 520 3478 de
543 3413 627 3496 equis
650 3415 680 3478 et
702 3411 838 3477 curribus
854 3409 933 3494 apud
947 3410 1115 3476 Homemm
1133 3409 1276 3496 leguntur

163 3513 459 3604 animadvertissel)

267 3654 288 3722 ¹)
305 3640 334 3704 Γ
353 3655 410 3712 lxo.

265 3743 287 3809 ἵ)
306 3742 454 3800 Commeat
474 3743 525 3810 ΠΙ,
544 3744 600 3812 2,1;
619 3743 642 3809 Ι,
661 3744 736 3811 2,32;
755 3741 851 3813 Cyrop.
870 3741 945 3809 VIII,
963 3741 1041 3808 2‚14;
1059 3741 1082 3810 1,
1102 3744 1154 3808 1‚2.

266 3829 288 3902 Β)
306 3830 390 3888 Zellcr
407 3849 433 3902 p.
452 3833 512 3888 202.
620 3887 624 3895 ,

265 3917 286 3986 ⁴)
305 3915 452 3976 comment
470 3920 518 3985 IV,
537 3919 605 3985 5‚15.

265 4003 286 4074 ὃ)
303 4003 351 4059 ubi
368 4009 507 4078 praecipue
524 3991 549 4058 ᾗ
569 4005 599 4063 1?
603 4009 616 4062 1
636 4006 764 4077 respicere
782 4006 895 4065 videtur.

266 4093 288 4158 ὅ)
305 4078 340 4142 Ψ
358 4093 507 4161 aas-37,
525 4080 554 4143 Λ
571 4093 629 4150 630.

266 4180 286 4252 ⁷)
305 4179 441 4238 Lehndorl
456 4179 652 4253 Hippodromua
672 4199 727 4254 cap.
749 4179 825 4242 vm.
