2928 4580
395 753 605 841 Allredus
632 754 808 839 Rausoh
837 755 891 846 de
916 753 1013 835 vita
1041 775 1132 832 sue.

311 1086 410 1153 Natus
432 1107 499 1154 sum
522 1107 577 1173 ego
606 1087 780 1154 Theodorus
811 1086 997 1152 Christianus
1027 1085 1166 1152 Alfredus
1197 1079 1314 1150 Rauseh

211 1211 229 1258 a
261 1191 287 1255 d·
313 1190 398 1258 VIII
418 1192 463 1259 Id.
490 1193 577 1258 Mart
592 1193 662 1258 anni
677 1192 706 1257 lu.
723 1214 747 1259 s.
763 1193 863 1258 LVIII
879 1192 1031 1266 Treffurti,
1046 1189 1124 1274 quod
1141 1184 1313 1272 oppidulum

211 1295 248 1361 ad
278 1295 416 1362 Werram
446 1297 571 1364 fiuvium
603 1298 695 1370 situm
723 1299 785 1372 est,
815 1303 900 1382 patre
922 1298 1084 1376 Xriderioo
1107 1293 1204 1362 matre
1225 1293 1316 1358 Idae

210 1398 299 1483 geute
323 1399 459 1477 Sohulze,
483 1421 557 1485 quos
579 1402 675 1468 adhue
698 1402 804 1468 vivero.
819 1403 943 1490 gaudeo.
988 1402 1073 1466 Xidei
1093 1401 1230 1466 addietus
1250 1416 1313 1462 sum

211 1505 409 1588 evangelicae.
466 1505 648 1572 Litterarum
684 1508 864 1572 rudImeutis
899 1507 1041 1572 'l'reffurti
1078 1505 1213 1572 imbutus
1248 1521 1316 1568 vere

211 1608 332 1674 aurai-h.
355 1629 378 1675 s.
403 1611 503 1677 LXIX
524 1611 715 1698 gymnasium
737 1611 798 1676 adii
820 1611 1052 1685 Mulhusanum3
1080 1609 1159 1674 uude
1182 1606 1315 1674 examine

210 1712 394 1780 maturitatis
423 1717 561 1798 superato
583 1714 810 1780 universitatem
833 1717 906 1800 petii
929 1715 1118 1799 Lipsiousem
1141 1712 1267 1778 unroh.
1291 1729 1314 1775 s.

101 1898 104 1906 μ
211 1817 354 1886 LXXVII
375 1819 406 1884 iu
428 1819 526 1885 studia
546 1819 729 1904 philologiae
751 1819 947 1898 iuoubiturus,
972 1819 1149 1902 seholusque
1173 1815 1314 1899 ¹frequen-

210 1921 272 1986 tavi
301 1920 433 1988 virorum
447 1923 705 1992 doetissimorum
735 1923 953 1999 Biedermann,
983 1925 1120 2000 Brome,
1152 1922 1314 2006 Brugmam

201 2023 342 2101 Curtius,
358 2026 516 2096 Drobiseh,
533 2027 670 2106 Xdzardi‚
687 2027 810 2106 Heium,
827 2028 1023 2102 Hildebrand
1041 2028 1153 2114 Lange,
1172 2023 1315 2091 Ribbeelr.

211 2128 407 2210 Treutmarm,
430 2131 598 2210 Windisoh‚
614 2129 739 2208 Wundt,
756 2131 897 2196 Zamolre.
935 2132 995 2197 Ubi
1011 2151 1079 2196 oum
1095 2151 1148 2214 per
1162 2128 1316 2196 biennium

212 2231 351 2320 egissem,
374 2234 469 2302 Hales
492 2235 642 2302 Saxonum
665 2236 772 2302 transii
795 2237 1024 2319 aeroasibusque
1046 2236 1169 2302 interfui
1185 2235 1316 2301 uiromm

209 2335 483 2405 illustrissimorum
512 2339 742 2426 Dittenberger,
766 2341 937 2416 Ilrdmemu,
969 2342 1081 2424 Huym,
1104 2338 1213 2414 Hiller,
1236 2335 1315 2406 Keil.

210 2439 357 2522 Kramer‚
384 2442 507 2522 Thule,
535 2443 656 2510 Zaoher.
711 2443 946 2536 Seminariorum
977 2432 1105 2510 sodalis
1121 2445 1165 2508 iui
1197 2441 1316 2524 Lipsiae

211 2544 459 2612 extraordinarius
487 2546 634 2612 theodissi
663 2545 730 2633 (per
751 2548 797 2613 Ill
821 2548 921 2635 sem),
944 2549 1111 2614 ordinarius
1132 2547 1221 2613 Helis
1251 2544 1314 2628 phi·
1437 2527 1438 2548 ³

209 2647 331 2732 lologiei
354 2647 456 2735 (perI
485 2650 593 2736 sem),
622 2651 800 2718 societatum
830 2652 949 2736 Lipsiae
977 2651 1196 2727 sanseritanae,
1228 2666 1315 2732 quam

211 2747 369 2818 Windisoh
391 2754 437 2818 vir
462 2753 654 2820 doetissimus
682 2755 829 2838 regImine
859 2775 912 2822 suo
942 2756 1170 2833 moderebatur,
1201 2754 1267 2836 (per
1286 2751 1315 2814 ll

211 2857 312 2936 sem),
335 2855 621 2940 Halis'theodisoae
649 2857 848 2924 Zaoherianee
871 2861 937 2944 (per
957 2861 972 2925 Ι
994 2863 1084 2944 sem.)
1108 2861 1138 2924 et
1157 2855 1315 2942 philologi-

178 2997 184 3002 .,
212 2975 263 3022 eae
285 2959 469 3027 Hilleriauae
492 2961 558 3045 (per
579 2961 594 3026 I
617 2961 720 3045 seml'
755 2995 783 3020 .·
869 2991 870 2994 ¹

313 3063 390 3130 Cum
412 3083 515 3131 omnes
537 3084 611 3148 quos
630 3065 784 3131 nominavi
804 3065 884 3131 viros
909 3065 1022 3148 optime
1051 3067 1088 3132 de
1115 3086 1164 3132 me
1195 3066 1316 3130 mertias

210 3167 398 3250 pientissimo
421 3168 521 3234 animo
544 3167 641 3233 oolere
663 3188 816 3252 nunquam
838 3169 983 3245 desinam,
1006 3173 1072 3236 tum
1093 3171 1224 3236 maxime
1238 3171 1316 3236 viro·

112 3351 113 3354 Ἴ
211 3291 279 3336 rum
307 3270 562 3355 amplissimomm
588 3269 746 3337 Windisoh
776 3271 875 3338 Hiller
905 3273 1049 3338 beneficia
1071 3274 1102 3338 in
1131 3293 1180 3339 me
1209 3274 1316 3339 oollata
1437 3349 1438 3356 i

213 3375 359 3440 memoria
381 3393 499 3458 semper
520 3393 684 3461 prosequar
705 3376 887 3460 gratissima.

704 4209 1071 4222 mwxmvwmwvvvv

515 4255 673 4312 MULHUSIS,
696 4257 781 4304 TYPIS
804 4250 1018 4306 mouumentum
