2928 4580
1262 252 1305 319 39

289 427 424 496 Instituit
445 431 537 516 igitur
565 428 744 497 Aristoteles
773 434 822 499 vel
852 435 950 517 potius
981 435 1201 517 Peripateticus
1234 441 1302 522 qni·
1385 473 1388 476 ·

188 535 256 598 darn
280 535 514 618 dIsputationem
537 536 609 620 (frg.
637 538 661 600 1.
685 536 777 620 Rosa)
799 535 947 623 περὶτῆς
970 535 1123 622 εὐγενείας
1139 538 1300 627 δυνάμεως

188 638 345 703 disserens.
391 638 457 718 Qua
477 638 509 703 in
531 658 562 703 re
585 639 730 721 principio
753 639 957 723 Lycophronis
987 643 1168 708 sententiam
1198 644 1296 725 ab'ert,

188 745 238 823 qui
261 741 449 806 nobilitatem
472 741 610 824 quamvis
633 761 668 806 er
689 742 770 826 volgi
800 744 938 825 opinione
967 745 1134 826 speciosam
1164 749 1300 812 contern-

188 845 288 908 nebat.
331 845 431 928 Atque
452 846 528 909 hanc
551 845 663 930 dialogi
678 846 805 927 partem,
823 865 881 930 qua
895 846 1063 912 nobilitatis
1083 851 1299 934 contemptoris

188 934 358 1030 exemplum
381 947 561 1027 conticetur,
585 946 732 1013 Stobaeus
755 947 865 1014 idcirco
887 949 1001 1033 recepIt
1022 949 1100 1016 inid
1115 955 1216 1037 caput,
1243 975 1302 1038 quo

187 1049 408 1116 demonstratur
428 1048 476 1115 ὐτι
499 1046 629 1135 εὐγενεῖς
651 1050 678 1115 οῖ
699 1047 776 1115 κατ’
793 1047 905 1138 ἀρετὴν
928 1055 1038 1130 ζῶντες
1059 1051 1120 1121 κᾶν
1151 1053 1197 1141 μὴ
1223 1060 1302 1144 λαμ-

186 1156 267 1240 πρῶν
297 1140 350 1219 ὐσι
376 1150 534 1237 γεγονότες
562 1154 702 1239 πατέρων
730 1151 786 1218 καὶ
814 1151 944 1239 &rabdo
972 1151 1024 1220 τύν
1053 1154 1172 1242 τρόπον.
1217 1159 1301 1226 Num

188 1257 292 1322 exinde
314 1255 442 1322 altorum
464 1275 581 1338 quoque
603 1257 655 1338 qui
683 1257 873 1322 nobilitatem
903 1257 1100 1341 repudiabant
1129 1259 1240 1328 iudicia
1268 1265 1300 1329 in

188 1360 306 1444 dialogo
329 1360 432 1426 secuta
455 1359 524 1437 sint,
547 1358 672 1423 duqum
695 1361 750 1438 est,
774 1359 827 1423 sed
848 1359 905 1424 hoc
928 1361 1101 1442 rensimile,
1123 1362 1180 1429 hac
1200 1367 1300 1449 priore

186 1464 298 1548 dialogi
320 1464 404 1546 parte
427 1461 610 1547 Theognidis
633 1463 818 1528 mentIouem
841 1463 954 1528 factam
976 1482 1051 1544 esse,
1075 1466 1160 1532 cuius
1175 1471 1297 1534 senten·
1348 1485 1351 1492 ’

187 1567 230 1631 tia
252 1566 456 1652 Lycophronis
479 1564 643 1631 sententiae
666 1566 881 1650 opponebatur.
925 1555 1080 1633 Nam'hic
1094 1573 1192 1652 poeta,
1215 1574 1301 1639 ouius

187 1669 353 1735 nobilitatis
382 1667 516 1734 studium
545 1668 711 1752 antiquitus
738 1669 931 1736 notissimum
961 1673 1040 1751 erat,
1070 1676 1238 1742 necessario
1266 1696 1298 1742 se

186 1772 349 1859 praebebat
370 1775 525 1856 tamquam
542 1771 815 1856 locupletIssImum
830 1774 940 1839 testem
956 1773 1126 1859 unIcuique,
1144 1778 1195 1861 qui
1213 1780 1300 1845 nobi-

186 1878 281 1944 litatis
303 1876 489 1942 laudatorem
511 1877 682 1960 qnaerebat.
725 1878 825 1961 Atque
846 1876 879 1940 in
892 1867 984 1942 'huno
1014 1877 1115 1945 locum
1146 1880 1300 1967 fragmen-

187 1984 252 2047 tum
267 1981 352 2059 illud,
368 1978 447 2063 quod
461 1979 667 2063 Xenophontis
682 1980 803 2046 nomine
818 1979 1092 2063 circumferebatur,
1104 1984 1297 2052 inserendum

188 2105 252 2150 osso
273 2085 356 2168 puto.
402 2082 461 2149 Sed
483 2084 624 2166 quoniam
647 2084 678 2149 in
700 2085 756 2150 hac
781 2083 894 2169 dialogi
921 2086 1006 2166 parte
1035 2087 1295 2168 praeclarissimus

186 2187 353 2254 nobilitatis
385 2187 521 2253 defensor
554 2188 702 2272 allegatus
736 2190 790 2267 est,
826 2187 972 2253 Stobaeus
1005 2189 1061 2255 hoc
1093 2189 1296 2277 fragmentum

187 2294 288 2376 posnIt
308 2292 340 2357 in
360 2290 414 2357 illo
436 2291 513 2369 loco,
536 2291 587 2357 ubi
611 2292 748 2374 exempla
774 2311 877 2357 eorum
904 2291 991 2357 affert
1020 2294 1071 2376 qui
1101 2299 1224 2362 censent
1252 2295 1300 2364 ὐτι

187 2391 317 2480 εὐγενεῖς
341 2391 368 2460 οἱ
390 2390 452 2460 dab
474 2398 613 2480 χρηστῶν
635 2396 776 2480 πατέρων
798 2398 866 2460 κτλ.

287 2497 393 2564 Altera
415 2497 625 2580 disputationis
647 2498 732 2580 parte
756 2497 907 2581 quaeritur
928 2493 1015 2572 τίνας
1030 2499 1076 2563 δεῖ
1090 2502 1197 2565 καλεῖν
1217 2496 1299 2586 εὐγε-

186 2605 255 2679 νεῖς.
308 2602 423 2668 Iterum
453 2599 555 2667 ranae
584 2601 614 2666 et
643 2600 778 2666 diversae
808 2600 974 2666 sententiae
1004 2600 1175 2667 afferuntur
1228 2603 1303 2668 Post

187 2703 319 2771 Socratis
348 2702 667 2770 commemorationem
691 2703 855 2770 Simonidis
878 2703 993 2769 dietum
1023 2706 1218 2787 proponitur,
1248 2721 1300 2789 qui

186 2812 308 2893 quitiam
329 2809 445 2876 nobiles
468 2810 568 2874 essent
589 2805 791 2892 interrogatus
806 2807 976 2890 respondit:
1000 2804 1028 2872 οῖ
1043 2807 1079 2872 ἐκ
1095 2805 1194 2873 πάλαι
1209 2810 1299 2874 πλον-

186 2911 275 2980 ciros·
320 2913 424 2998 Pergit
446 2912 640 2977 Aristoteles:
663 2911 767 2977 καίτοι
788 2908 897 2977 κατὰ
918 2914 1063 2976 τοῦτον
1092 2908 1159 2977 τὸν
1186 2910 1301 2997 λόγον

186 3013 255 3081 οὐκ
292 3013 418 3103 &piritu
456 3016 694 3100 ἐπιτιμῶσιν
732 3010 746 3078 b
785 3012 951 3100 Θεόγνις
985 3009 1086 3080 οὐδ’δ
1121 3012 1252 3102 ποιητὴς
1286 3009 1300 3078 ὃ

185 3115 316 3206 ποιήσας
345 3117 464 3202 (Eurip.
494 3118 529 3182 fr.
560 3120 623 3184 399
653 3117 758 3183 Nauck
789 3118 868 3201 apud
899 3117 982 3182 Stob.
1012 3115 1042 3183 fl.
1072 3119 1161 3201 92,3)
1193 3114 1233 3196 ὡς
1253 3117 1302 3184 liar

186 3216 262 3308 „rip
285 3217 341 3307 μὲν
363 3218 514 3308 εὐγένειαν
538 3220 668 3287 αἰνοῦσιν
692 3218 802 3306 βροτοί,
828 3221 943 3306 μᾶλλον
971 3219 1004 3286 δὲ
1032 3220 1194 3308 κηδεύονσι
1223 3229 1302 3287 τοῖσι

185 3319 368 3400 πλονσύοις.“
415 3324 474 3390 Sed
498 3324 568 3407 quid
592 3324 650 3388 sibi
673 3324 738 3388 vult
759 3324 834 3389 haec
856 3327 919 3388 tam
942 3324 1098 3406 inopinata
1114 3323 1300 3409 Theognidis

185 3427 348 3512 allegatio?
400 3427 481 3493 Nam
512 3425 717 3513 Theognidem
748 3426 868 3492 divitias
900 3427 1068 3509 vituperare
1101 3427 1215 3492 dictum
1241 3445 1301 3492 non

184 3533 239 3596 est.
284 3531 376 3597 Recte
398 3532 489 3617 Igitur
512 3531 680 3615 suspicatus
703 3533 750 3596 est
771 3530 909 3616 quamvis
933 3528 1105 3595 dubitanter
1128 3530 1185 3596 Th.
1212 3529 1302 3596 (tais-

184 3631 259 3713 Iord,
282 3635 345 3702 Ioh.
370 3634 492 3702 Stobaei
514 3635 568 3701 nol
603 3635 697 3701 Onon.
722 3633 805 3701 1850
829 3632 916 3699 Tom.
941 3632 970 3698 Π
993 3632 1139 3699 Addenda
1154 3633 1192 3699 ad
1215 3630 1299 3700 Stob.

184 3737 214 3803 fl.
246 3758 276 3820 p.
307 3739 368 3806 857
400 3737 494 3823 adp.
526 3739 588 3806 201
616 3740 637 3803 i.
668 3757 693 3803 e.
717 3738 756 3804 ad
778 3737 825 3804 t‘t.
849 3737 960 3816 8625:
991 3735 1128 3821 Θέογνις]
1159 3735 1301 3821 „respicit

183 3843 309 3908 fortasse
342 3842 443 3909 locum
475 3843 552 3908 infra
588 3844 714 3908 citatum
748 3839 808 3907 Tit.
842 3839 1041 3917 LXXXVIII,
1073 3840 1113 3906 14
1142 3862 1173 3925 p.
1204 3842 1303 3907 alles

184 3945 323 4012 Vidimus
336 3946 416 4012 enim
428 3948 605 4030 scriptorem
616 3945 777 4031 fragmenti
787 3963 944 4028 perperam
954 3942 1146 4026 Xenophonti
1155 3942 1298 4028 adscripti

184 4049 368 4136 Theognidis
390 4052 427 4116 de
450 4051 607 4116 nobilitate
630 4048 812 4114 seutentiam
834 4047 1013 4124 laudavisse,
1031 4048 1083 4112 sed
1104 4048 1298 4114 obtestatio-

183 4169 252 4220 nem
285 4153 412 4221 divitum
444 4154 592 4221 reiecisse.
646 4150 712 4218 Hoc
746 4155 848 4218 autem
881 4151 946 4217 loco
982 4152 1142 4218 manifesto
1175 4152 1298 4237 respicit

183 4257 363 4328 Aristoteles
385 4278 460 4348 quae
488 4259 542 4328 illo
572 4258 741 4348 fragmento
772 4255 970 4326 continentur.
1024 4253 1110 4340 Quod
1141 4256 1167 4326 si
1196 4275 1301 4324 verum
