2928 4580
156 221 196 304 ta

154 415 360 508 quamdonem
380 415 424 485 itu
445 413 601 486 instituere
622 412 655 484 iu
676 413 777 484 ammo
799 411 862 498 eet,
889 411 925 482 ut
954 407 1044 481 sicuti
1074 427 1111 480 ex
1132 407 1200 499 ipsc
1219 407 1265 482 rei

153 523 261 590 natura
282 522 416 608 sequitur
438 520 546 588 aetatis
568 520 711 606 cuiusque
731 520 838 605 poetae
859 519 1007 586 ratiouom
1028 517 1174 585 habentes
1199 518 1263 602 pri·

152 645 239 694 mum
260 627 404 711 quautam
427 626 457 691 et
478 625 598 710 qualem
620 623 746 696 Homeri
768 623 972 710 cognitionem
993 621 1132 689 ostendat
1160 623 1263 690 Xeno-

152 730 249 816 phon,
279 727 386 794 deiude
412 725 540 794 Hesiodi
564 727 750 813 aliorumque
773 728 926 811 epicorum
947 727 1105 810 poetarum
1130 745 1264 792 comme·

36 897 39 902 .
152 833 335 901 morationes
356 830 604 916 contemplemur,
626 834 695 916 post
718 849 793 926 quae
815 829 854 897 ad
874 829 1072 916 tragoediam,
1100 833 1167 896 tum
1190 848 1266 914 quae

152 937 192 1004 ad
213 935 399 1004 comoediam
421 935 574 1020 pertinent
597 937 780 1016 tractemus,
810 936 941 1002 extremo
964 935 1067 1000 autom
1087 933 1153 1000 loco
1175 952 1267 1028 quac·

151 1059 268 1130 cunque
290 1039 329 1106 ad
349 1039 476 1136 lyricam
497 1039 614 1136 poesim
636 1040 773 1136 spectant
794 1037 1027 1119 consideremus.

612 1285 808 1302 utn——a-—m

252 1449 357 1526 Pn'ma
377 1455 470 1544 igion
498 1457 583 1542 parte
611 1456 681 1527 hinc
710 1457 865 1542 capiamus
894 1453 1065 1537 exordium,
1094 1455 1130 1523 ut
1157 1455 1262 1540 quanti

151 1561 317 1630 aestimarit
338 1559 507 1628 Homerum
529 1564 559 1627 ct
580 1561 688 1648 quibus
709 1561 741 1626 in
763 1559 853 1626 rebus
875 1579 945 1627 eum
967 1562 1120 1628 auctorem
1142 1562 1263 1629 secutus

151 1664 192 1732 sit
213 1664 410 1734 illustremus.
454 1665 561 1734 Exstat
584 1664 664 1750 apud
692 1664 924 1750 Xenophontem
945 1665 1151 1732 memorabilis
1171 1667 1266 1746 locus,

150 1768 202 1836 ubi
223 1788 313 1855 quem
334 1769 365 1834 in
387 1787 564 1856 unaqueque
587 1770 650 1836 arte
665 1767 784 1836 liberali
797 1769 1001 1854 principatum
1016 1769 1150 1837 obtinere
1172 1772 1262 1856 atque

150 1873 236 1960 quasi
257 1872 390 1956 palmam
420 1873 555 1956 accipere
585 1873 715 1938 marimo
741 1871 845 1938 deccat
874 1872 1059 1940 declaratur:
1090 1871 1259 1940 comment.

148 1975 174 2067 I,
201 1975 254 2056 4‚3
284 1974 334 2044 ἐπὶ
362 1973 543 2062 piraeicus
572 1975 650 2044 ίπῶν
675 1973 795 2062 ποιήσει
818 1975 960 2064 Ὅμηρον
993 1974 1091 2064 ἔγωγε
1124 1963 1266 2062 μάλιστα

150 2075 354 2165 πελαίμακα,
380 2074 431 2145 ἐπὶ
452 2075 487 2144 δὲ
516 2075 699 2167 διίίνράμβρ
720 2079 963 2168 Μελανιππίδην,
987 2077 1037 2147 ent
1056 2077 1090 2146 δὲ
1107 2081 1266 2171 τραγῳδίᾳ

149 2181 326 2270 Σοφοκλέα,
355 2176 405 2248 ἐπὶ
435 2177 469 2247 δὲ
499 2176 747 2270 ἀνδριαντοποιίᾳ
774 2179 990 2265 Πολύκλειτον,
1024 2180 1074 2250 eu
1105 2183 1267 2274 ζωγραφίᾳ

149 2283 265 2367 Ζεῦξιν.
311 2283 610 2350 Praestantissimum
635 2283 728 2370 igitur
756 2286 787 2349 et
815 2285 993 2369 antiquitate
1023 2288 1054 2352 et
1074 2288 1261 2354 auctoritate

149 2388 178 2454 ei
193 2387 361 2455 Homerum
372 2388 472 2454 visum
485 2405 550 2452 esse
562 2406 597 2454 ex
607 2387 673 2472 ipso
688 2387 845 2455 nominum
861 2387 963 2455 ordine
979 2391 1104 2473 apparet
1118 2391 1197 2457 siout
1213 2410 1262 2456 ne·

148 2491 205 2558 teri
217 2490 324 2557 Graeci
335 2491 415 2556 hunc
427 2489 571 2556 Graeciae
585 2493 809 2576 praeceptorem
823 2493 950 2558 summis
960 2491 1100 2560 laudibus
1108 2495 1262 2561 cumulare

148 2595 294 2663 solebant
307 2593 332 2681 ¹)
362 2593 593 2660 Memoraudum
604 2597 707 2661 autem
721 2595 849 2673 videtur,
862 2597 1093 2681 Xenophontem
1109 2598 1261 2682 epicorum

146 2700 314 2784 principem
343 2717 402 2764 uon
432 2701 496 2764 tam
524 2699 646 2783 propter
675 2702 864 2766 venustatem
886 2703 939 2766 aut
960 2700 1094 2766 divinam
1114 2700 1257 2788 loquendi

147 2803 322 2869 facultatem
337 2802 520 2868 admiratum
535 2821 599 2868 esse
616 2820 707 2888 quam
722 2805 843 2886 propter
858 2803 1037 2886 sapientiam
1056 2800 1119 2890 (ἐπὶ
1140 2803 1257 2893 σοφίᾳ).

146 2907 231 2972 Haec
260 2907 361 2972 autem
389 2905 537 2990 sapientia
567 2923 628 2989 qua
655 2924 688 2970 re
717 2906 877 2991 praecipue
899 2906 1046 2972 contineri
1067 2905 1205 2972 videatur
1227 2927 1262 2972 ex

146 3010 206 3076 alio
227 3009 294 3076 loco
316 3008 484 3094 colligitur:
529 3007 621 3076 Gouv.
645 3009 699 3089 IV,
722 3009 742 3074 6
764 3008 832 3076 ίοτε
852 3007 912 3097 γὰρ
936 3007 1032 3096 δήπου
1054 3005 1103 3076 ὅτι
1120 3008 1264 3098 ’Όμηρος

146 3111 161 3182 ὃ
191 3111 370 3203 σοφώτατος
401 3111 552 3199 πεποίηκε
584 3109 692 3198 σχεδον
720 3111 788 3199 περὶ
815 3109 939 3178 πάντων
967 3116 1026 3178 τῶν
1053 3108 1262 3198 ἀνῖνρωπίνων.

147 3216 338 3301 Quamquam
360 3214 441 3280 enirn
462 3215 630 3300 Xenophon
651 3216 709 3281 hac
730 3215 971 3300 praeclarissima
984 3214 1074 3280 laude
1092 3216 1260 3282 Homerum

146 3339 206 3387 non
227 3321 292 3404 ipse
315 3319 409 3397 omat,
432 3317 486 3382 sed
507 3317 686 3384 Niceratum
707 3317 834 3385 Homeri
858 3320 1020 3406 ἐπαινέτην
1042 3319 1117 3384 talia
1142 3319 1262 3404 praedi-

147 3427 267 3491 cantem
299 3421 432 3501 inducit,
465 3423 568 3487 tamen
600 3441 660 3488 uon
693 3427 739 3488 est
772 3441 825 3488 cur
852 3421 935 3488 idom
964 3423 1198 3507 Xenophontem
1226 3423 1264 3489 de

100 3575 103 3587 ,
148 3529 282 3594 Homero
310 3526 439 3591 sensisse
468 3544 623 3611 negemus.
674 3526 757 3592 Nam
784 3529 945 3611 praecepta
966 3545 1021 3592 sua
1043 3529 1074 3592 et
1097 3527 1263 3593 sententias

147 3631 260 3706 nullius
289 3629 467 3695 auctoritate
496 3629 607 3695 certius
634 3648 670 3695 ac
697 3629 816 3695 firmius
846 3628 1042 3714 comprobare
1065 3631 1123 3697 sibi
1145 3632 1265 3698 videtur

148 3754 240 3818 quam
261 3732 398 3801 Homeri.
441 3732 469 3798 A
492 3731 616 3800 Socrate
639 3733 761 3818 quidem
780 3733 837 3800 hoc
851 3736 1045 3818 praeceptum
1061 3735 1264 3822 acceperat,²)

147 3839 182 3903 ut
209 3837 378 3921 quicunque
406 3836 520 3902 nemini
549 3836 618 3902 usui
645 3838 801 3902 essetnec
822 3839 939 3922 patriae
960 3837 1102 3922 prodesse
1124 3857 1180 3904 uec
1202 3839 1264 3903 ullo

148 3939 1265 4027 muuerccumaliquofructuinmgipossotpoenadiguusesset,praesertim

252 4114 272 4183 ί)
292 4111 407 4177 Friedel
427 4113 460 4168 de
477 4113 693 4184 philosophorum
710 4131 865 4186 graecorum
883 4114 981 4181 studiis
994 4113 1141 4177 Homericis
1153 4131 1179 4184 p.
1193 4115 1210 4169 2
1225 4129 1264 4186 oq·

250 4201 272 4268 8ν
293 4199 441 4256 Comment
459 4201 482 4266 1,
501 4201 657 4272 2,58-59.
