2928 4580
604 676 772 806 lautuh
806 675 832 806 l

284 977 347 1060 De
382 977 565 1068 rationo,
601 1001 714 1082 quae
749 977 1026 1084 Xenophonti
1063 1001 1161 1061 eum

163 1153 305 1264 poetis
341 1154 605 1237 Guaeoorum
641 1155 891 1257 internodit
924 1157 1002 1261 qui
1038 1159 1274 1240 antaeum

592 1331 849 1420 floruerunt.

259 1683 396 1753 Platonis
428 1684 465 1754 de
496 1684 595 1772 poetis
625 1686 775 1755 sententia
807 1683 1014 1754 memorabilis
1050 1684 1113 1752 iam
1150 1683 1268 1752 dudum

159 1806 263 1856 eorum
285 1789 387 1856 oeulos
407 1788 439 1856 in
461 1809 527 1858 sese
548 1791 705 1872 eonvertit
728 1791 781 1876 qni
802 1790 867 1858 eius
887 1787 1096 1875 philosophiae
1112 1787 1269 1856 illustran-

158 1891 212 1959 dae
234 1911 356 1977 operam
378 1893 532 1961 dedemnt.
576 1893 682 1977 Nuper
703 1895 806 1962 autem
827 1891 925 1961 denno
947 1890 1116 1960 aeonatius
1138 1891 1169 1961 iu
1192 1891 1271 1960 hane

156 2015 220 2062 rom
243 1997 400 2081 inquisivit
420 1997 596 2064 Theodorus
617 1997 726 2080 Helue,
748 1998 801 2083 qni
821 1995 925 2064 libello
947 1995 1006 2077 „ie
1031 1995 1164 2074 rohone,
1195 2015 1272 2081 quae

157 2098 278 2167 Platoni
300 2119 371 2168 oum
389 2102 489 2186 poetis
515 2100 701 2168 Graeuorum
722 2100 891 2181 intercedit,
914 2099 966 2185 qui
987 2101 1057 2167 aute
1078 2119 1149 2168 eum
1162 2099 1273 2169 florue-

155 2205 246 2270 runt‘
275 2205 419 2292 hsuripto
449 2205 522 2291 quid
549 2206 638 2274 Plato
666 2206 704 2274 ie
726 2206 854 2294 singulis
876 2203 1061 2273 erasurum
1081 2203 1180 2290 poetis
1200 2223 1272 2272 sen·

154 2309 228 2375 serit
249 2311 319 2392 apte
340 2311 371 2376 et
392 2309 534 2378 distinete
555 2310 785 2379 lemonshauit.
830 2309 864 2376 Si
887 2308 955 2394 quis
972 2325 1044 2376 uero
1059 2307 1166 2376 ewam
1179 2308 1272 2376 molo

152 2412 333 2500 inuestigare
355 2415 386 2480 et
407 2416 577 2482 examinare
598 2414 740 2496 institnit,
762 2432 839 2499 quae
859 2412 938 2480 ratio
975 2430 1045 2478 oum
1067 2411 1152 2498 poesi
1176 2411 1272 2480 inter·

152 2516 241 2583 aedat
259 2517 463 2602 Xenophonti,
485 2518 537 2586 uix
561 2519 703 2604 uunquam
731 2518 844 2586 mirum
871 2515 1040 2595 videbitur,
1071 2515 1214 2600 quoniam
1241 2519 1272 2584 et

152 2619 242 2686 Plato
264 2624 296 2687 et
315 2621 484 2707 Xenophon
505 2642 524 2691 a
545 2621 670 2691 Socrate
692 2623 872 2707 waeperunt
893 2618 1096 2704 disciplinam.
1140 2619 1191 2687 Ao
1212 2619 1271 2688 So·

153 2724 243 2790 oratis
265 2727 368 2792 autem
389 2727 502 2810 plaeita
524 2729 614 2812 atque
637 2725 830 2810 diseiplinam
852 2723 988 2792 studium
1009 2723 1187 2806 poetarum,
1217 2723 1271 2810 qui

150 2827 213 2894 iere
235 2828 293 2895 soli
313 2829 352 2895 ad
373 2829 407 2896 id
427 2831 548 2916 tempus
570 2829 629 2912 „de
651 2830 715 2898 vite
736 2830 767 2896 et
787 2828 924 2896 moribus
944 2826 1094 2911 rebusque
1121 2826 1210 2895 bonis
1239 2829 1271 2896 et

149 2932 261 2998 malis“
291 2934 517 3018 quaesiverant,
545 2932 733 3019 permultum
763 2931 869 2999 ualuit
920 2929 1166 2998 Praeterquam
1187 2930 1269 2999 anti·

149 3036 251 3121 quitus
272 3037 526 3104 necessitudinem
548 3036 713 3122 quandam,
735 3054 811 3121 quae
826 3034 980 3102 nonnullis
995 3033 1159 3102 aemulatio
1178 3035 1269 3122 alque

151 3142 246 3208 etiam
269 3141 447 3208 obtrectatio
469 3139 725 3222 utebaturque,
747 3138 932 3207 hhraeiere
953 3138 1034 3205 inter
1058 3138 1269 3224 Xenophontis

149 3245 344 3330 Platonisque
372 3263 463 3330 opera
490 3245 630 3330 quamvis
651 3244 781 3331 imparia
801 3242 1060 3328 intellexerunt1)
1103 3241 1186 3310 Nam
1207 3243 1268 3311 iuo

149 3350 267 3415 exstant
294 3348 392 3416 libelli
421 3349 535 3416 abhis
564 3349 742 3432 oonsuripti‚
774 3365 902 3432 quorum
936 3347 1062 3432 uterque
1094 3346 1268 3415 eonviuum

150 3450 282 3518 Socratis
303 3453 426 3536 eiusque
448 3452 616 3519 amisorum
637 3451 809 3520 describens
829 3450 988 3536 perspioue
1009 3449 1042 3517 in
1056 3449 1153 3517 altero
1167 3452 1265 3537 respi-

149 3555 236 3638 uitur,
246 3557 274 3640 ²)
296 3556 327 3622 et
348 3555 429 3622 haud
449 3555 552 3642 inepte
572 3556 672 3622 faeere
692 3555 843 3637 videntur,
865 3555 918 3640 qui
937 3554 1148 3640 Xenophontis
1170 3553 1266 3642 (lyro-

252 3694 273 3762 ¹)
292 3693 325 3749 ci.
343 3693 441 3750 Athen.
460 3695 500 3750 XI
518 3711 544 3765 p.
568 3695 621 3750 504
644 3695 681 3760 E3
705 3694 798 3766 (oiog.
820 3693 853 3750 Ιι.
878 3694 916 3760 Π,
939 3694 1001 3763 57;)
1023 3691 1137 3750 Boeekh.
1161 3709 1203 3766 op.
1226 3695 1267 3752 1v

147 3797 173 3850 p.
199 3781 217 3836 4
241 3797 304 3851 sqq:
330 3781 370 3835 De
395 3781 548 3846 sinuata,
582 3798 648 3852 quae
673 3781 744 3837 inber
760 3781 902 3838 Platonem
918 3782 947 3838 et
963 3779 1166 3851 Xenophontem
1183 3781 1266 3839 inten-

148 3868 261 3924 oessisee
279 3867 372 3922 fertur.

250 3953 272 4022 ²)
291 3953 324 4008 ol.
344 3953 484 4024 praeeipue
501 3954 570 4010 Xon.
589 3951 672 4012 (lons.
690 3954 752 4020 VII,
770 3953 1028 4010 32-3oetP1at.
1046 3951 1129 4011 Gonu.
1153 3955 1204 4012 178
1226 3956 1248 4012 u
1254 3976 1264 4022 3

148 4036 182 4092 de
194 4038 287 4094 horum
299 4039 417 4095 lusorum
429 4039 533 4095 ratione
545 4041 617 4096 varie
628 4041 814 4098 iudicaverunt
825 4040 995 4098 Thiersohius
1005 4057 1077 4112 speo.
1089 4041 1131 4098 ed.
1144 4041 1264 4114 Sympos.

147 4124 219 4180 Plat.
237 4141 263 4195 p.
283 4127 299 4182 7
317 4143 381 4198 sqqt
399 4126 547 4182 Boeokbins
560 4125 609 4182 121.
623 4143 648 4196 p.
662 4127 754 4199 9sqq3
772 4128 805 4184 A.
819 4128 925 4199 Hugius
936 4145 998 4183 ann.
1016 4127 1051 4184 ad
1075 4129 1093 4184 1.
1112 4145 1142 4194 ος
1163 4130 1262 4187 Seben-

149 4211 237 4270 keliue
255 4211 345 4272 swod„
363 4213 483 4294 Xenoph
501 4213 546 4280 III
564 4213 670 4294 Scripta
687 4211 769 4278 head„
788 4212 902 4274 Vindob.
919 4214 1063 4278 LXXXIII
1080 4232 1106 4294 p.
1125 4216 1183 4279 146.
