<?xml version="1.0" encoding="UTF-8"?>
<!DOCTYPE html PUBLIC "-//W3C//DTD XHTML 1.0 Transitional//EN"
    "http://www.w3.org/TR/xhtml1/DTD/xhtml1-transitional.dtd">
<html xmlns="http://www.w3.org/1999/xhtml" xml:lang="en" lang="en">
 <head>
  <title>
</title>
<meta http-equiv="Content-Type" content="text/html;charset=utf-8" />
  <meta name='ocr-system' content='tesseract 3.04.00' />
  <meta name='ocr-capabilities' content='ocr_page ocr_carea ocr_par ocr_line ocrx_word'/>
</head>
<body>
  <div class='ocr_page' id='page_1' title='image "./quaestionesxeno00rausgoog_0015.png"; bbox 0 0 2928 4580; ppageno 0'>
   <div class='ocr_carea' id='block_1_1' title="bbox 160 239 202 325">
    <p class='ocr_par' dir='ltr' id='par_1_1' title="bbox 160 239 202 325">
     <span class='ocr_line' id='line_1_1' title="bbox 160 239 202 325; baseline 0.024 -1"><span class='ocrx_word' id='word_1_1' title='bbox 160 239 202 325; x_wconf 87' lang='lat'><strong>10</strong></span> 
     </span>
    </p>
   </div>
   <div class='ocr_carea' id='block_1_2' title="bbox 160 425 1269 637">
    <p class='ocr_par' dir='ltr' id='par_1_2' title="bbox 160 425 1269 637">
     <span class='ocr_line' id='line_1_2' title="bbox 161 425 1269 532; baseline -0.011 -24"><span class='ocrx_word' id='word_1_2' title='bbox 161 457 237 529; x_wconf 88' lang='lat' dir='ltr'><strong>quae</strong></span> <span class='ocrx_word' id='word_1_3' title='bbox 258 437 296 507; x_wconf 92' lang='lat' dir='ltr'><strong>ad</strong></span> <span class='ocrx_word' id='word_1_4' title='bbox 316 437 523 524; x_wconf 74' lang='lat' dir='ltr'><strong>Xenophontis</strong></span> <span class='ocrx_word' id='word_1_5' title='bbox 544 437 699 527; x_wconf 84' lang='lat' dir='ltr'>ingenium</span> <span class='ocrx_word' id='word_1_6' title='bbox 721 432 962 532; x_wconf 84' lang='lat' dir='ltr'><strong>perspioiendum</strong></span> <span class='ocrx_word' id='word_1_7' title='bbox 984 432 1137 526; x_wconf 79' lang='lat' dir='ltr'><strong>spartani,</strong></span> <span class='ocrx_word' id='word_1_8' title='bbox 1166 425 1269 504; x_wconf 81' lang='lat' dir='ltr'><strong>tirio</strong></span> 
     </span>
     <span class='ocr_line' id='line_1_3' title="bbox 160 545 488 637; baseline -0.009 -17"><span class='ocrx_word' id='word_1_9' title='bbox 160 545 295 620; x_wconf 84' lang='lat' dir='ltr'><strong>medium</strong></span> <span class='ocrx_word' id='word_1_10' title='bbox 316 545 488 637; x_wconf 78' lang='lat' dir='ltr'><strong>proferrem.</strong></span> 
     </span>
    </p>
   </div>
   <div class='ocr_carea' id='block_1_3' title="bbox 161 730 1280 3312">
    <p class='ocr_par' dir='ltr' id='par_1_3' title="bbox 161 730 1280 3312">
     <span class='ocr_line' id='line_1_4' title="bbox 263 730 1270 821; baseline -0.008 -17"><span class='ocrx_word' id='word_1_11' title='bbox 263 734 322 804; x_wconf 82' lang='lat' dir='ltr'><strong>Sed</strong></span> <span class='ocrx_word' id='word_1_12' title='bbox 342 735 517 821; x_wconf 81' lang='lat' dir='ltr'><strong>priusquam</strong></span> <span class='ocrx_word' id='word_1_13' title='bbox 538 731 725 818; x_wconf 87' lang='lat' dir='ltr'><strong>propositum</strong></span> <span class='ocrx_word' id='word_1_14' title='bbox 747 731 846 815; x_wconf 89' lang='lat' dir='ltr'><strong>ipsum</strong></span> <span class='ocrx_word' id='word_1_15' title='bbox 870 731 1037 818; x_wconf 80' lang='lat' dir='ltr'><strong>aggrediar,</strong></span> <span class='ocrx_word' id='word_1_16' title='bbox 1059 730 1164 816; x_wconf 82' lang='lat' dir='ltr'><strong>pausis</strong></span> <span class='ocrx_word' id='word_1_17' title='bbox 1180 747 1270 814; x_wconf 86' lang='lat' dir='ltr'><strong>expo·</strong></span> 
     </span>
     <span class='ocr_line' id='line_1_5' title="bbox 161 835 1269 920; baseline -0.002 -14"><span class='ocrx_word' id='word_1_18' title='bbox 161 839 293 907; x_wconf 89' lang='lat' dir='ltr'><strong>nendum</strong></span> <span class='ocrx_word' id='word_1_19' title='bbox 314 839 441 913; x_wconf 80' lang='lat' dir='ltr'><strong>ridetur,</strong></span> <span class='ocrx_word' id='word_1_20' title='bbox 465 859 517 905; x_wconf 88' lang='lat' dir='ltr'><strong>eur</strong></span> <span class='ocrx_word' id='word_1_21' title='bbox 540 837 664 903; x_wconf 88' lang='lat' dir='ltr'><strong>eandem</strong></span> <span class='ocrx_word' id='word_1_22' title='bbox 686 837 843 909; x_wconf 78' lang='lat' dir='ltr'><strong>rationem.</strong></span> <span class='ocrx_word' id='word_1_23' title='bbox 868 856 926 920; x_wconf 88' lang='lat' dir='ltr'><strong>qua</strong></span> <span class='ocrx_word' id='word_1_24' title='bbox 947 839 996 904; x_wconf 92' lang='lat' dir='ltr'><strong>usi</strong></span> <span class='ocrx_word' id='word_1_25' title='bbox 1017 838 1087 904; x_wconf 90' lang='lat' dir='ltr'><strong>sunt</strong></span> <span class='ocrx_word' id='word_1_26' title='bbox 1107 835 1165 902; x_wconf 88' lang='lat' dir='ltr'><strong>uiri</strong></span> <span class='ocrx_word' id='word_1_27' title='bbox 1180 835 1269 905; x_wconf 85' lang='lat' dir='ltr'><strong>doeti.</strong></span> 
     </span>
     <span class='ocr_line' id='line_1_6' title="bbox 162 939 1270 1032; baseline -0.005 -22"><span class='ocrx_word' id='word_1_28' title='bbox 162 963 231 1010; x_wconf 89' lang='lat' dir='ltr'><strong>oum</strong></span> <span class='ocrx_word' id='word_1_29' title='bbox 260 963 311 1024; x_wconf 79' lang='lat' dir='ltr'><strong>aa,</strong></span> <span class='ocrx_word' id='word_1_30' title='bbox 340 963 415 1028; x_wconf 89' lang='lat' dir='ltr'><strong>quae</strong></span> <span class='ocrx_word' id='word_1_31' title='bbox 445 963 463 1010; x_wconf 91' lang='lat' dir='ltr'><strong>a</strong></span> <span class='ocrx_word' id='word_1_32' title='bbox 493 942 615 1032; x_wconf 84' lang='lat' dir='ltr'><strong>Sourate</strong></span> <span class='ocrx_word' id='word_1_33' title='bbox 644 940 723 1024; x_wconf 90' lang='lat' dir='ltr'><strong>apud</strong></span> <span class='ocrx_word' id='word_1_34' title='bbox 752 939 912 1006; x_wconf 77' lang='lat' dir='ltr'><strong>Platonem</strong></span> <span class='ocrx_word' id='word_1_35' title='bbox 942 941 979 1008; x_wconf 91' lang='lat' dir='ltr'><strong>de</strong></span> <span class='ocrx_word' id='word_1_36' title='bbox 1003 942 1100 1026; x_wconf 89' lang='lat' dir='ltr'><strong>poetis</strong></span> <span class='ocrx_word' id='word_1_37' title='bbox 1122 940 1270 1016; x_wconf 77' lang='lat' dir='ltr'><strong>dicuntur,</strong></span> 
     </span>
     <span class='ocr_line' id='line_1_7' title="bbox 161 1045 1271 1130; baseline -0.003 -17"><span class='ocrx_word' id='word_1_38' title='bbox 161 1047 220 1130; x_wconf 88' lang='lat' dir='ltr'><strong>ipsi</strong></span> <span class='ocrx_word' id='word_1_39' title='bbox 241 1047 363 1114; x_wconf 91' lang='lat' dir='ltr'><strong>Platoni</strong></span> <span class='ocrx_word' id='word_1_40' title='bbox 384 1048 558 1125; x_wconf 86' lang='lat' dir='ltr'><strong>tribuerant,</strong></span> <span class='ocrx_word' id='word_1_41' title='bbox 580 1047 612 1113; x_wconf 89' lang='lat' dir='ltr'><strong>iu</strong></span> <span class='ocrx_word' id='word_1_42' title='bbox 634 1045 833 1128; x_wconf 78' lang='lat' dir='ltr'><strong>Xenophonte</strong></span> <span class='ocrx_word' id='word_1_43' title='bbox 855 1065 973 1130; x_wconf 91' lang='lat' dir='ltr'><strong>quoque</strong></span> <span class='ocrx_word' id='word_1_44' title='bbox 995 1045 1154 1112; x_wconf 81' lang='lat' dir='ltr'><strong>adhibeam</strong></span> <span class='ocrx_word' id='word_1_45' title='bbox 1177 1045 1207 1110; x_wconf 87' lang='lat' dir='ltr'><strong>et</strong></span> <span class='ocrx_word' id='word_1_46' title='bbox 1236 1062 1271 1110; x_wconf 91' lang='lat' dir='ltr'><strong>ea</strong></span> 
     </span>
     <span class='ocr_line' id='line_1_8' title="bbox 162 1148 1272 1236; baseline -0.003 -20"><span class='ocrx_word' id='word_1_47' title='bbox 162 1169 237 1236; x_wconf 92' lang='lat' dir='ltr'><strong>quae</strong></span> <span class='ocrx_word' id='word_1_48' title='bbox 260 1152 296 1218; x_wconf 95' lang='lat' dir='ltr'><strong>de</strong></span> <span class='ocrx_word' id='word_1_49' title='bbox 317 1153 402 1236; x_wconf 91' lang='lat' dir='ltr'><strong>poesi</strong></span> <span class='ocrx_word' id='word_1_50' title='bbox 424 1151 562 1219; x_wconf 82' lang='lat' dir='ltr'><strong>Soerates</strong></span> <span class='ocrx_word' id='word_1_51' title='bbox 584 1150 733 1218; x_wconf 91' lang='lat' dir='ltr'><strong>disserens</strong></span> <span class='ocrx_word' id='word_1_52' title='bbox 755 1149 955 1216; x_wconf 81' lang='lat' dir='ltr'><strong>introdusitnr</strong></span> <span class='ocrx_word' id='word_1_53' title='bbox 976 1151 1008 1216; x_wconf 91' lang='lat' dir='ltr'><strong>in</strong></span> <span class='ocrx_word' id='word_1_54' title='bbox 1039 1148 1272 1228; x_wconf 73' lang='lat' dir='ltr'><strong>Commentariis</strong></span> 
     </span>
     <span class='ocr_line' id='line_1_9' title="bbox 162 1253 1274 1341; baseline -0.003 -21"><span class='ocrx_word' id='word_1_55' title='bbox 162 1253 306 1322; x_wconf 80' lang='lat' dir='ltr'><strong>Convivio</strong></span> <span class='ocrx_word' id='word_1_56' title='bbox 329 1257 494 1341; x_wconf 83' lang='lat' dir='ltr'><strong>ueterisque</strong></span> <span class='ocrx_word' id='word_1_57' title='bbox 515 1256 601 1323; x_wconf 90' lang='lat' dir='ltr'><strong>libris</strong></span> <span class='ocrx_word' id='word_1_58' title='bbox 625 1257 780 1338; x_wconf 86' lang='lat' dir='ltr'><strong>tamquam</strong></span> <span class='ocrx_word' id='word_1_59' title='bbox 805 1273 822 1318; x_wconf 90' lang='lat' dir='ltr'><strong>a</strong></span> <span class='ocrx_word' id='word_1_60' title='bbox 844 1254 1041 1338; x_wconf 87' lang='lat' dir='ltr'><strong>Xenophonte</strong></span> <span class='ocrx_word' id='word_1_61' title='bbox 1056 1255 1122 1336; x_wconf 87' lang='lat' dir='ltr'><strong>ipso</strong></span> <span class='ocrx_word' id='word_1_62' title='bbox 1139 1253 1274 1337; x_wconf 83' lang='lat' dir='ltr'><strong>profesta</strong></span> 
     </span>
     <span class='ocr_line' id='line_1_10' title="bbox 161 1357 1273 1443; baseline -0.002 -19"><span class='ocrx_word' id='word_1_63' title='bbox 161 1358 298 1424; x_wconf 66' lang='lat' dir='ltr'><strong>baebia.</strong></span> <span class='ocrx_word' id='word_1_64' title='bbox 342 1358 480 1425; x_wconf 90' lang='lat' dir='ltr'><strong>Primum</strong></span> <span class='ocrx_word' id='word_1_65' title='bbox 503 1359 583 1424; x_wconf 92' lang='lat' dir='ltr'><strong>enim</strong></span> <span class='ocrx_word' id='word_1_66' title='bbox 604 1357 771 1441; x_wconf 89' lang='lat' dir='ltr'><strong>Xenophon</strong></span> <span class='ocrx_word' id='word_1_67' title='bbox 794 1357 926 1424; x_wconf 85' lang='lat' dir='ltr'><strong>Soaratis</strong></span> <span class='ocrx_word' id='word_1_68' title='bbox 948 1359 1088 1442; x_wconf 77' lang='lat' dir='ltr'><strong>magistri</strong></span> <span class='ocrx_word' id='word_1_69' title='bbox 1112 1358 1273 1443; x_wconf 83' lang='lat' dir='ltr'><strong>praesepta</strong></span> 
     </span>
     <span class='ocr_line' id='line_1_11' title="bbox 161 1457 1272 1549; baseline -0.001 -22"><span class='ocrx_word' id='word_1_70' title='bbox 161 1461 245 1527; x_wconf 88' lang='lat' dir='ltr'><strong>tanta</strong></span> <span class='ocrx_word' id='word_1_71' title='bbox 265 1461 413 1528; x_wconf 88' lang='lat' dir='ltr'><strong>industria</strong></span> <span class='ocrx_word' id='word_1_72' title='bbox 435 1464 614 1546; x_wconf 84' lang='lat' dir='ltr'><strong>sequebatur</strong></span> <span class='ocrx_word' id='word_1_73' title='bbox 636 1459 738 1548; x_wconf 83' lang='lat' dir='ltr'><strong>(Diog.</strong></span> <span class='ocrx_word' id='word_1_74' title='bbox 759 1460 802 1526; x_wconf 78' lang='lat' dir='ltr'><strong>h.</strong></span> <span class='ocrx_word' id='word_1_75' title='bbox 829 1461 869 1539; x_wconf 92' lang='grc' dir='ltr'><strong>Π,</strong></span> <span class='ocrx_word' id='word_1_76' title='bbox 900 1461 940 1526; x_wconf 87' lang='grc'><strong>56</strong></span> <span class='ocrx_word' id='word_1_77' title='bbox 971 1459 1146 1549; x_wconf 74' lang='grc' dir='ltr'><strong>Σωκράτην</strong></span> <span class='ocrx_word' id='word_1_78' title='bbox 1179 1457 1272 1548; x_wconf 53' lang='grc' dir='ltr'><strong>ζηλῶν</strong></span> 
     </span>
     <span class='ocr_line' id='line_1_12' title="bbox 162 1562 1271 1652; baseline -0.005 -20"><span class='ocrx_word' id='word_1_79' title='bbox 162 1586 221 1643; x_wconf 80' lang='grc' dir='ltr'><strong>σας</strong></span> <span class='ocrx_word' id='word_1_80' title='bbox 243 1562 398 1652; x_wconf 81' lang='grc' dir='ltr'>ἀκριβῶς),</span> <span class='ocrx_word' id='word_1_81' title='bbox 421 1569 455 1632; x_wconf 91' lang='lat' dir='ltr'><strong>nt</strong></span> <span class='ocrx_word' id='word_1_82' title='bbox 476 1567 644 1649; x_wconf 88' lang='lat' dir='ltr'><strong>ubieunque</strong></span> <span class='ocrx_word' id='word_1_83' title='bbox 666 1565 834 1630; x_wconf 82' lang='lat' dir='ltr'><strong>referuntur</strong></span> <span class='ocrx_word' id='word_1_84' title='bbox 849 1565 980 1630; x_wconf 77' lang='lat' dir='ltr'><strong>Socratis</strong></span> <span class='ocrx_word' id='word_1_85' title='bbox 996 1566 1160 1631; x_wconf 88' lang='lat' dir='ltr'><strong>sententiae</strong></span> <span class='ocrx_word' id='word_1_86' title='bbox 1180 1563 1271 1630; x_wconf 91' lang='lat' dir='ltr'><strong>simul</strong></span> 
     </span>
     <span class='ocr_line' id='line_1_13' title="bbox 161 1667 1273 1752; baseline 0.001 -21"><span class='ocrx_word' id='word_1_87' title='bbox 161 1667 370 1750; x_wconf 88' lang='lat' dir='ltr'><strong>Xenophontis</strong></span> <span class='ocrx_word' id='word_1_88' title='bbox 404 1669 517 1752; x_wconf 89' lang='lat' dir='ltr'><strong>plaoita</strong></span> <span class='ocrx_word' id='word_1_89' title='bbox 543 1669 710 1734; x_wconf 88' lang='lat' dir='ltr'><strong>audiamus.</strong></span> <span class='ocrx_word' id='word_1_90' title='bbox 760 1668 876 1733; x_wconf 87' lang='lat' dir='ltr'><strong>Deinde</strong></span> <span class='ocrx_word' id='word_1_91' title='bbox 904 1669 1069 1735; x_wconf 90' lang='lat' dir='ltr'><strong>identidem</strong></span> <span class='ocrx_word' id='word_1_92' title='bbox 1103 1669 1160 1735; x_wconf 85' lang='lat' dir='ltr'><strong>uiri</strong></span> <span class='ocrx_word' id='word_1_93' title='bbox 1194 1667 1273 1733; x_wconf 84' lang='lat' dir='ltr'><strong>dooti</strong></span> 
     </span>
     <span class='ocr_line' id='line_1_14' title="bbox 161 1768 1275 1856; baseline 0.001 -21"><span class='ocrx_word' id='word_1_94' title='bbox 161 1768 225 1836; x_wconf 88' lang='lat' dir='ltr'><strong>iura</strong></span> <span class='ocrx_word' id='word_1_95' title='bbox 252 1771 486 1849; x_wconf 80' lang='lat' dir='ltr'><strong>admonuerunt,</strong></span> <span class='ocrx_word' id='word_1_96' title='bbox 514 1793 583 1839; x_wconf 89' lang='lat' dir='ltr'><strong>oum</strong></span> <span class='ocrx_word' id='word_1_97' title='bbox 613 1791 663 1838; x_wconf 87' lang='lat' dir='ltr'><strong>sex</strong></span> <span class='ocrx_word' id='word_1_98' title='bbox 691 1772 799 1838; x_wconf 89' lang='lat' dir='ltr'><strong>saltem</strong></span> <span class='ocrx_word' id='word_1_99' title='bbox 832 1773 918 1838; x_wconf 86' lang='lat' dir='ltr'><strong>annis</strong></span> <span class='ocrx_word' id='word_1_100' title='bbox 952 1775 1021 1856; x_wconf 88' lang='lat' dir='ltr'><strong>post</strong></span> <span class='ocrx_word' id='word_1_101' title='bbox 1055 1772 1188 1839; x_wconf 85' lang='lat' dir='ltr'><strong>Soeratis</strong></span> <span class='ocrx_word' id='word_1_102' title='bbox 1221 1770 1275 1836; x_wconf 88' lang='lat' dir='ltr'><strong>de·</strong></span> 
     </span>
     <span class='ocr_line' id='line_1_15' title="bbox 162 1873 1272 1959; baseline -0.002 -17"><span class='ocrx_word' id='word_1_103' title='bbox 162 1893 280 1942; x_wconf 83' lang='lat' dir='ltr'><strong>sessum</strong></span> <span class='ocrx_word' id='word_1_104' title='bbox 303 1873 542 1942; x_wconf 80' lang='lat' dir='ltr'><strong>Commentarios</strong></span> <span class='ocrx_word' id='word_1_105' title='bbox 564 1876 790 1959; x_wconf 89' lang='lat' dir='ltr'><strong>eomposuisset.</strong></span> <span class='ocrx_word' id='word_1_106' title='bbox 817 1877 866 1942; x_wconf 83' lang='lat' dir='ltr'><strong>uix</strong></span> <span class='ocrx_word' id='word_1_107' title='bbox 893 1896 997 1944; x_wconf 91' lang='lat' dir='ltr'><strong>omues</strong></span> <span class='ocrx_word' id='word_1_108' title='bbox 1024 1896 1177 1944; x_wconf 89' lang='lat' dir='ltr'><strong>sermones</strong></span> <span class='ocrx_word' id='word_1_109' title='bbox 1203 1895 1272 1940; x_wconf 91' lang='lat' dir='ltr'><strong>eum</strong></span> 
     </span>
     <span class='ocr_line' id='line_1_16' title="bbox 161 1979 1270 2066; baseline -0.001 -22"><span class='ocrx_word' id='word_1_110' title='bbox 161 1979 309 2044; x_wconf 87' lang='lat' dir='ltr'><strong>memoria</strong></span> <span class='ocrx_word' id='word_1_111' title='bbox 329 1981 431 2046; x_wconf 87' lang='lat' dir='ltr'><strong>tenere</strong></span> <span class='ocrx_word' id='word_1_112' title='bbox 452 1981 595 2065; x_wconf 79' lang='lat' dir='ltr'><strong>poturisse.</strong></span> <span class='ocrx_word' id='word_1_113' title='bbox 639 1980 758 2062; x_wconf 75' lang='lat' dir='ltr'><strong>(baller,</strong></span> <span class='ocrx_word' id='word_1_114' title='bbox 782 1979 830 2047; x_wconf 88' lang='lat' dir='ltr'><strong>die</strong></span> <span class='ocrx_word' id='word_1_115' title='bbox 844 1981 1039 2066; x_wconf 90' lang='lat' dir='ltr'><strong>Philosophie</strong></span> <span class='ocrx_word' id='word_1_116' title='bbox 1054 1980 1108 2047; x_wconf 90' lang='lat' dir='ltr'><strong>der</strong></span> <span class='ocrx_word' id='word_1_117' title='bbox 1122 1979 1270 2047; x_wconf 83' lang='lat' dir='ltr'><strong>Grieehen</strong></span> 
     </span>
     <span class='ocr_line' id='line_1_17' title="bbox 163 2083 1273 2170; baseline 0.002 -23"><span class='ocrx_word' id='word_1_118' title='bbox 163 2083 193 2147; x_wconf 95' lang='grc' dir='ltr'><strong>ΙΙ</strong></span> <span class='ocrx_word' id='word_1_119' title='bbox 214 2085 254 2147; x_wconf 65' lang='lat' dir='ltr'><strong>al</strong></span> <span class='ocrx_word' id='word_1_120' title='bbox 274 2104 303 2167; x_wconf 91' lang='lat' dir='ltr'><strong>p.</strong></span> <span class='ocrx_word' id='word_1_121' title='bbox 328 2083 393 2170; x_wconf 81' lang='lat'><strong>37.)</strong></span> <span class='ocrx_word' id='word_1_122' title='bbox 437 2086 547 2169; x_wconf 86' lang='lat' dir='ltr'><strong>Atque,</strong></span> <span class='ocrx_word' id='word_1_123' title='bbox 571 2083 719 2167; x_wconf 90' lang='lat' dir='ltr'><strong>siquidem</strong></span> <span class='ocrx_word' id='word_1_124' title='bbox 741 2084 771 2148; x_wconf 90' lang='lat' dir='ltr'><strong>in</strong></span> <span class='ocrx_word' id='word_1_125' title='bbox 795 2085 863 2149; x_wconf 88' lang='lat' dir='ltr'><strong>aliis</strong></span> <span class='ocrx_word' id='word_1_126' title='bbox 884 2085 1013 2170; x_wconf 82' lang='lat' dir='ltr'><strong>dialogis</strong></span> <span class='ocrx_word' id='word_1_127' title='bbox 1038 2085 1121 2152; x_wconf 89' lang='lat' dir='ltr'><strong>velut</strong></span> <span class='ocrx_word' id='word_1_128' title='bbox 1142 2084 1273 2149; x_wconf 84' lang='lat' dir='ltr'><strong>Hierone</strong></span> 
     </span>
     <span class='ocr_line' id='line_1_18' title="bbox 163 2184 1272 2280; baseline 0.001 -28"><span class='ocrx_word' id='word_1_129' title='bbox 163 2188 193 2252; x_wconf 91' lang='lat' dir='ltr'><strong>et</strong></span> <span class='ocrx_word' id='word_1_130' title='bbox 222 2184 421 2254; x_wconf 87' lang='lat' dir='ltr'><strong>Oeoonomiao</strong></span> <span class='ocrx_word' id='word_1_131' title='bbox 450 2188 575 2255; x_wconf 91' lang='lat' dir='ltr'><strong>liberius</strong></span> <span class='ocrx_word' id='word_1_132' title='bbox 603 2188 689 2254; x_wconf 84' lang='lat' dir='ltr'><strong>finxit</strong></span> <span class='ocrx_word' id='word_1_133' title='bbox 718 2207 772 2253; x_wconf 89' lang='lat' dir='ltr'><strong>nee</strong></span> <span class='ocrx_word' id='word_1_134' title='bbox 804 2187 935 2255; x_wconf 78' lang='lat' dir='ltr'><strong>Socratis</strong></span> <span class='ocrx_word' id='word_1_135' title='bbox 961 2208 1114 2256; x_wconf 89' lang='lat' dir='ltr'><strong>sermones</strong></span> <span class='ocrx_word' id='word_1_136' title='bbox 1135 2191 1272 2280; x_wconf 84' lang='lat' dir='ltr'><strong>tantum·</strong></span> 
     </span>
     <span class='ocr_line' id='line_1_19' title="bbox 163 2291 1274 2375; baseline 0.001 -19"><span class='ocrx_word' id='word_1_137' title='bbox 163 2291 253 2356; x_wconf 91' lang='lat' dir='ltr'><strong>modo</strong></span> <span class='ocrx_word' id='word_1_138' title='bbox 286 2291 405 2371; x_wconf 82' lang='lat' dir='ltr'><strong>retulit,</strong></span> <span class='ocrx_word' id='word_1_139' title='bbox 438 2311 498 2358; x_wconf 90' lang='lat' dir='ltr'><strong>non</strong></span> <span class='ocrx_word' id='word_1_140' title='bbox 526 2293 614 2359; x_wconf 85' lang='lat' dir='ltr'><strong>video</strong></span> <span class='ocrx_word' id='word_1_141' title='bbox 644 2291 716 2375; x_wconf 92' lang='lat' dir='ltr'><strong>quid</strong></span> <span class='ocrx_word' id='word_1_142' title='bbox 745 2291 886 2357; x_wconf 88' lang='lat' dir='ltr'><strong>similiter</strong></span> <span class='ocrx_word' id='word_1_143' title='bbox 915 2292 951 2358; x_wconf 91' lang='lat' dir='ltr'><strong>de</strong></span> <span class='ocrx_word' id='word_1_144' title='bbox 980 2292 1274 2359; x_wconf 78' lang='lat' dir='ltr'><strong>Commentariorum</strong></span> 
     </span>
     <span class='ocr_line' id='line_1_20' title="bbox 162 2394 1272 2481; baseline 0.001 -22"><span class='ocrx_word' id='word_1_145' title='bbox 162 2394 262 2460; x_wconf 91' lang='lat' dir='ltr'><strong>indole</strong></span> <span class='ocrx_word' id='word_1_146' title='bbox 284 2395 416 2462; x_wconf 87' lang='lat' dir='ltr'><strong>iudieare</strong></span> <span class='ocrx_word' id='word_1_147' title='bbox 437 2398 595 2481; x_wconf 88' lang='lat' dir='ltr'><strong>prohibeat</strong></span> <span class='ocrx_word' id='word_1_148' title='bbox 617 2398 647 2462; x_wconf 91' lang='lat' dir='ltr'><strong>et</strong></span> <span class='ocrx_word' id='word_1_149' title='bbox 668 2395 826 2481; x_wconf 84' lang='lat' dir='ltr'><strong>suffragari</strong></span> <span class='ocrx_word' id='word_1_150' title='bbox 848 2395 1024 2463; x_wconf 83' lang='lat' dir='ltr'><strong>Sohenlrelio</strong></span> <span class='ocrx_word' id='word_1_151' title='bbox 1047 2395 1146 2463; x_wconf 90' lang='lat' dir='ltr'><strong>studd.</strong></span> <span class='ocrx_word' id='word_1_152' title='bbox 1168 2397 1272 2463; x_wconf 87' lang='lat' dir='ltr'><strong>Xeno-</strong></span> 
     </span>
     <span class='ocr_line' id='line_1_21' title="bbox 162 2497 1273 2584; baseline 0.003 -22"><span class='ocrx_word' id='word_1_153' title='bbox 162 2497 266 2581; x_wconf 88' lang='lat' dir='ltr'><strong>phont.</strong></span> <span class='ocrx_word' id='word_1_154' title='bbox 296 2499 337 2566; x_wconf 91' lang='lat' dir='ltr'><strong>Il.</strong></span> <span class='ocrx_word' id='word_1_155' title='bbox 383 2499 501 2584; x_wconf 85' lang='lat' dir='ltr'><strong>Seripta</strong></span> <span class='ocrx_word' id='word_1_156' title='bbox 528 2499 622 2566; x_wconf 83' lang='lat' dir='ltr'><strong>Aoad.</strong></span> <span class='ocrx_word' id='word_1_157' title='bbox 652 2498 741 2565; x_wconf 85' lang='lat' dir='ltr'><strong>Vind.</strong></span> <span class='ocrx_word' id='word_1_158' title='bbox 774 2498 887 2565; x_wconf 86' lang='lat' dir='ltr'><strong>LXXX</strong></span> <span class='ocrx_word' id='word_1_159' title='bbox 916 2520 944 2584; x_wconf 92' lang='lat' dir='ltr'><strong>p.</strong></span> <span class='ocrx_word' id='word_1_160' title='bbox 969 2501 1046 2567; x_wconf 88' lang='lat'>148:</span> <span class='ocrx_word' id='word_1_161' title='bbox 1069 2501 1143 2578; x_wconf 78' lang='lat' dir='ltr'><strong>„leh</strong></span> <span class='ocrx_word' id='word_1_162' title='bbox 1165 2499 1273 2584; x_wconf 89' lang='lat' dir='ltr'><strong>glaube</strong></span> 
     </span>
     <span class='ocr_line' id='line_1_22' title="bbox 163 2601 1273 2689; baseline 0.002 -23"><span class='ocrx_word' id='word_1_163' title='bbox 163 2601 243 2680; x_wconf 76' lang='lat' dir='ltr'><strong>aber,</strong></span> <span class='ocrx_word' id='word_1_164' title='bbox 265 2601 334 2667; x_wconf 88' lang='lat' dir='ltr'><strong>dass</strong></span> <span class='ocrx_word' id='word_1_165' title='bbox 356 2623 427 2669; x_wconf 86' lang='lat' dir='ltr'><strong>man</strong></span> <span class='ocrx_word' id='word_1_166' title='bbox 449 2604 531 2670; x_wconf 90' lang='lat' dir='ltr'><strong>diese</strong></span> <span class='ocrx_word' id='word_1_167' title='bbox 558 2602 671 2670; x_wconf 85' lang='lat' dir='ltr'><strong>Sebritt</strong></span> <span class='ocrx_word' id='word_1_168' title='bbox 698 2621 774 2686; x_wconf 85' lang='lat' dir='ltr'><strong>gana</strong></span> <span class='ocrx_word' id='word_1_169' title='bbox 801 2603 1002 2669; x_wconf 77' lang='lat' dir='ltr'><strong>bezeichnend</strong></span> <span class='ocrx_word' id='word_1_170' title='bbox 1027 2605 1183 2689; x_wconf 87' lang='lat' dir='ltr'><strong>Diobtung</strong></span> <span class='ocrx_word' id='word_1_171' title='bbox 1212 2602 1273 2669; x_wconf 93' lang='lat' dir='ltr'><strong>und</strong></span> 
     </span>
     <span class='ocr_line' id='line_1_23' title="bbox 162 2704 1272 2791; baseline 0.002 -21"><span class='ocrx_word' id='word_1_172' title='bbox 162 2704 322 2771; x_wconf 89' lang='lat' dir='ltr'><strong>Wahrheit</strong></span> <span class='ocrx_word' id='word_1_173' title='bbox 343 2726 459 2773; x_wconf 89' lang='lat' dir='ltr'><strong>neuneu</strong></span> <span class='ocrx_word' id='word_1_174' title='bbox 480 2708 571 2773; x_wconf 85' lang='lat' dir='ltr'><strong>kann.</strong></span> <span class='ocrx_word' id='word_1_175' title='bbox 615 2704 788 2791; x_wconf 86' lang='lat' dir='ltr'><strong>Allerdings</strong></span> <span class='ocrx_word' id='word_1_176' title='bbox 809 2707 893 2773; x_wconf 90' lang='lat' dir='ltr'><strong>hatte</strong></span> <span class='ocrx_word' id='word_1_177' title='bbox 915 2708 1083 2791; x_wconf 87' lang='lat' dir='ltr'><strong>Xenophon</strong></span> <span class='ocrx_word' id='word_1_178' title='bbox 1104 2709 1152 2774; x_wconf 81' lang='lat' dir='ltr'><strong>fuir</strong></span> <span class='ocrx_word' id='word_1_179' title='bbox 1177 2707 1272 2784; x_wconf 78' lang='lat' dir='ltr'><strong>Alias,</strong></span> 
     </span>
     <span class='ocr_line' id='line_1_24' title="bbox 161 2810 1275 2894; baseline 0.004 -20"><span class='ocrx_word' id='word_1_180' title='bbox 161 2828 223 2875; x_wconf 85' lang='lat' dir='ltr'><strong>uas</strong></span> <span class='ocrx_word' id='word_1_181' title='bbox 246 2827 277 2874; x_wconf 93' lang='lat' dir='ltr'><strong>er</strong></span> <span class='ocrx_word' id='word_1_182' title='bbox 298 2810 470 2890; x_wconf 85' lang='lat' dir='ltr'><strong>mittheilte‚</strong></span> <span class='ocrx_word' id='word_1_183' title='bbox 494 2811 740 2894; x_wconf 85' lang='lat' dir='ltr'><strong>Anhaltspunhte</strong></span> <span class='ocrx_word' id='word_1_184' title='bbox 761 2810 804 2875; x_wconf 91' lang='lat' dir='ltr'><strong>im</strong></span> <span class='ocrx_word' id='word_1_185' title='bbox 826 2812 931 2877; x_wconf 91' lang='lat' dir='ltr'><strong>treuen</strong></span> <span class='ocrx_word' id='word_1_186' title='bbox 946 2810 1187 2879; x_wconf 79' lang='lat' dir='ltr'><strong>Gedaohtnisse.</strong></span> <span class='ocrx_word' id='word_1_187' title='bbox 1213 2863 1220 2877; x_wconf 92' lang='lat'><strong>.</strong></span> <span class='ocrx_word' id='word_1_188' title='bbox 1245 2816 1275 2876; x_wconf 84' lang='lat'><strong>.“</strong></span> 
     </span>
     <span class='ocr_line' id='line_1_25' title="bbox 162 2912 1276 3001; baseline 0.002 -23"><span class='ocrx_word' id='word_1_189' title='bbox 162 2913 232 2990; x_wconf 81' lang='lat' dir='ltr'><strong>„die</strong></span> <span class='ocrx_word' id='word_1_190' title='bbox 260 2912 457 3000; x_wconf 85' lang='lat' dir='ltr'><strong>Ausfdhrung</strong></span> <span class='ocrx_word' id='word_1_191' title='bbox 484 2917 591 3001; x_wconf 82' lang='lat' dir='ltr'><strong>gehdrt</strong></span> <span class='ocrx_word' id='word_1_192' title='bbox 622 2915 715 2980; x_wconf 81' lang='lat' dir='ltr'><strong>daher</strong></span> <span class='ocrx_word' id='word_1_193' title='bbox 743 2915 774 2979; x_wconf 92' lang='lat' dir='ltr'><strong>in</strong></span> <span class='ocrx_word' id='word_1_194' title='bbox 806 2914 863 2979; x_wconf 90' lang='lat' dir='ltr'><strong>den</strong></span> <span class='ocrx_word' id='word_1_195' title='bbox 885 2916 1013 2981; x_wconf 81' lang='lat' dir='ltr'><strong>meister</strong></span> <span class='ocrx_word' id='word_1_196' title='bbox 1036 2916 1184 3000; x_wconf 88' lang='lat' dir='ltr'><strong>Dialogeu</strong></span> <span class='ocrx_word' id='word_1_197' title='bbox 1206 2915 1276 2982; x_wconf 90' lang='lat' dir='ltr'><strong>dern</strong></span> 
     </span>
     <span class='ocr_line' id='line_1_26' title="bbox 163 3016 1278 3103; baseline 0.002 -21"><span class='ocrx_word' id='word_1_198' title='bbox 163 3016 330 3100; x_wconf 89' lang='lat' dir='ltr'><strong>Xenophon</strong></span> <span class='ocrx_word' id='word_1_199' title='bbox 354 3019 449 3084; x_wconf 82' lang='lat' dir='ltr'><strong>selbot</strong></span> <span class='ocrx_word' id='word_1_200' title='bbox 471 3019 591 3084; x_wconf 85' lang='lat' dir='ltr'><strong>anund</strong></span> <span class='ocrx_word' id='word_1_201' title='bbox 620 3038 654 3084; x_wconf 90' lang='lat' dir='ltr'><strong>er</strong></span> <span class='ocrx_word' id='word_1_202' title='bbox 673 3019 726 3085; x_wconf 87' lang='lat' dir='ltr'><strong>hat</strong></span> <span class='ocrx_word' id='word_1_203' title='bbox 749 3018 813 3084; x_wconf 85' lang='lat' dir='ltr'><strong>siolo</strong></span> <span class='ocrx_word' id='word_1_204' title='bbox 836 3019 912 3084; x_wconf 87' lang='lat' dir='ltr'><strong>anah</strong></span> <span class='ocrx_word' id='word_1_205' title='bbox 938 3039 991 3103; x_wconf 85' lang='lat' dir='ltr'><strong>gar</strong></span> <span class='ocrx_word' id='word_1_206' title='bbox 1013 3019 1097 3086; x_wconf 86' lang='lat' dir='ltr'><strong>nieht</strong></span> <span class='ocrx_word' id='word_1_207' title='bbox 1123 3021 1278 3103; x_wconf 82' lang='lat' dir='ltr'><strong>geseheut,</strong></span> 
     </span>
     <span class='ocr_line' id='line_1_27' title="bbox 166 3119 1280 3208; baseline 0.002 -23"><span class='ocrx_word' id='word_1_208' title='bbox 166 3120 247 3185; x_wconf 88' lang='lat' dir='ltr'><strong>seins</strong></span> <span class='ocrx_word' id='word_1_209' title='bbox 277 3120 401 3204; x_wconf 86' lang='lat' dir='ltr'><strong>eigenen</strong></span> <span class='ocrx_word' id='word_1_210' title='bbox 431 3121 673 3208; x_wconf 81' lang='lat' dir='ltr'><strong>Ansehauungen</strong></span> <span class='ocrx_word' id='word_1_211' title='bbox 703 3120 771 3186; x_wconf 89' lang='lat' dir='ltr'><strong>dem</strong></span> <span class='ocrx_word' id='word_1_212' title='bbox 801 3119 940 3188; x_wconf 77' lang='lat' dir='ltr'><strong>Serretes</strong></span> <span class='ocrx_word' id='word_1_213' title='bbox 969 3123 999 3188; x_wconf 90' lang='lat' dir='ltr'><strong>in</strong></span> <span class='ocrx_word' id='word_1_214' title='bbox 1029 3121 1086 3187; x_wconf 89' lang='lat' dir='ltr'><strong>den</strong></span> <span class='ocrx_word' id='word_1_215' title='bbox 1116 3123 1212 3189; x_wconf 91' lang='lat' dir='ltr'><strong>Mund</strong></span> <span class='ocrx_word' id='word_1_216' title='bbox 1243 3142 1280 3188; x_wconf 84' lang='lat' dir='ltr'><strong>zu</strong></span> 
     </span>
     <span class='ocr_line' id='line_1_28' title="bbox 162 3225 918 3312; baseline -0.003 -22"><span class='ocrx_word' id='word_1_217' title='bbox 162 3225 283 3312; x_wconf 87' lang='lat' dir='ltr'><strong>legen.“</strong></span> <span class='ocrx_word' id='word_1_218' title='bbox 901 3231 918 3282; x_wconf 77' lang='lat'>0</span> 
     </span>
    </p>
   </div>
   <div class='ocr_carea' id='block_1_4' title="bbox 146 3409 1281 4117">
    <p class='ocr_par' dir='ltr' id='par_1_4' title="bbox 146 3409 1281 4117">
     <span class='ocr_line' id='line_1_29' title="bbox 146 3409 1280 3504; baseline -0.002 -27"><span class='ocrx_word' id='word_1_219' title='bbox 146 3498 149 3504; x_wconf 19' lang='lat'>¹</span> <span class='ocrx_word' id='word_1_220' title='bbox 269 3409 328 3477; x_wconf 85' lang='lat' dir='ltr'><strong>Sed</strong></span> <span class='ocrx_word' id='word_1_221' title='bbox 349 3410 380 3475; x_wconf 92' lang='lat' dir='ltr'><strong>iu</strong></span> <span class='ocrx_word' id='word_1_222' title='bbox 403 3411 578 3476; x_wconf 87' lang='lat' dir='ltr'><strong>universum</strong></span> <span class='ocrx_word' id='word_1_223' title='bbox 600 3410 768 3498; x_wconf 87' lang='lat' dir='ltr'><strong>Xenophon</strong></span> <span class='ocrx_word' id='word_1_224' title='bbox 789 3410 870 3476; x_wconf 87' lang='lat' dir='ltr'><strong>idern</strong></span> <span class='ocrx_word' id='word_1_225' title='bbox 894 3410 1042 3477; x_wconf 86' lang='lat' dir='ltr'><strong>sentiebat</strong></span> <span class='ocrx_word' id='word_1_226' title='bbox 1063 3409 1100 3476; x_wconf 89' lang='lat' dir='ltr'><strong>da</strong></span> <span class='ocrx_word' id='word_1_227' title='bbox 1122 3410 1152 3476; x_wconf 88' lang='lat' dir='ltr'><strong>vi</strong></span> <span class='ocrx_word' id='word_1_228' title='bbox 1174 3429 1209 3477; x_wconf 88' lang='lat' dir='ltr'><strong>ae</strong></span> <span class='ocrx_word' id='word_1_229' title='bbox 1232 3409 1280 3475; x_wconf 90' lang='lat' dir='ltr'><strong>di·</strong></span> 
     </span>
     <span class='ocr_line' id='line_1_30' title="bbox 166 3512 1280 3600; baseline -0.001 -21"><span class='ocrx_word' id='word_1_230' title='bbox 166 3515 283 3600; x_wconf 83' lang='lat' dir='ltr'><strong>gnitate</strong></span> <span class='ocrx_word' id='word_1_231' title='bbox 305 3515 405 3598; x_wconf 89' lang='lat' dir='ltr'><strong>poesis</strong></span> <span class='ocrx_word' id='word_1_232' title='bbox 428 3515 517 3598; x_wconf 90' lang='lat' dir='ltr'><strong>atque</strong></span> <span class='ocrx_word' id='word_1_233' title='bbox 540 3512 678 3580; x_wconf 80' lang='lat' dir='ltr'><strong>Socrates</strong></span> <span class='ocrx_word' id='word_1_234' title='bbox 707 3514 830 3598; x_wconf 88' lang='lat' dir='ltr'><strong>eiusque</strong></span> <span class='ocrx_word' id='word_1_235' title='bbox 861 3513 1017 3597; x_wconf 76' lang='lat' dir='ltr'><strong>disoipuli3</strong></span> <span class='ocrx_word' id='word_1_236' title='bbox 1046 3533 1122 3596; x_wconf 91' lang='lat' dir='ltr'><strong>quae</strong></span> <span class='ocrx_word' id='word_1_237' title='bbox 1145 3515 1280 3597; x_wconf 89' lang='lat' dir='ltr'><strong>quaestio</strong></span> 
     </span>
     <span class='ocr_line' id='line_1_31' title="bbox 165 3617 1279 3703; baseline -0.004 -20"><span class='ocrx_word' id='word_1_238' title='bbox 165 3619 341 3702; x_wconf 90' lang='lat' dir='ltr'><strong>priusquam</strong></span> <span class='ocrx_word' id='word_1_239' title='bbox 364 3618 483 3703; x_wconf 83' lang='lat' dir='ltr'><strong>singula</strong></span> <span class='ocrx_word' id='word_1_240' title='bbox 504 3617 712 3701; x_wconf 88' lang='lat' dir='ltr'><strong>persequimur·</strong></span> <span class='ocrx_word' id='word_1_241' title='bbox 736 3618 840 3699; x_wconf 89' lang='lat' dir='ltr'><strong>pannis</strong></span> <span class='ocrx_word' id='word_1_242' title='bbox 870 3617 1028 3683; x_wconf 77' lang='lat' dir='ltr'><strong>bastando.</strong></span> <span class='ocrx_word' id='word_1_243' title='bbox 1057 3617 1176 3683; x_wconf 82' lang='lat' dir='ltr'><strong>ridetur</strong></span> <span class='ocrx_word' id='word_1_244' title='bbox 1204 3636 1279 3682; x_wconf 89' lang='lat' dir='ltr'><strong>esse.</strong></span> 
     </span>
     <span class='ocr_line' id='line_1_32' title="bbox 166 3719 1281 3804; baseline -0.002 -16"><span class='ocrx_word' id='word_1_245' title='bbox 166 3722 244 3788; x_wconf 77' lang='lat' dir='ltr'><strong>(lum</strong></span> <span class='ocrx_word' id='word_1_246' title='bbox 272 3722 353 3787; x_wconf 92' lang='lat' dir='ltr'><strong>enim</strong></span> <span class='ocrx_word' id='word_1_247' title='bbox 382 3721 520 3796; x_wconf 81' lang='lat' dir='ltr'><strong>Socrates</strong></span> <span class='ocrx_word' id='word_1_248' title='bbox 550 3720 690 3787; x_wconf 90' lang='lat' dir='ltr'><strong>omnibus</strong></span> <span class='ocrx_word' id='word_1_249' title='bbox 719 3719 756 3784; x_wconf 92' lang='lat' dir='ltr'><strong>de</strong></span> <span class='ocrx_word' id='word_1_250' title='bbox 787 3724 895 3786; x_wconf 88' lang='lat' dir='ltr'><strong>natura</strong></span> <span class='ocrx_word' id='word_1_251' title='bbox 924 3741 1025 3786; x_wconf 87' lang='lat' dir='ltr'><strong>rerum</strong></span> <span class='ocrx_word' id='word_1_252' title='bbox 1056 3721 1281 3804; x_wconf 85' lang='lat' dir='ltr'><strong>quaestionibus</strong></span> 
     </span>
     <span class='ocr_line' id='line_1_33' title="bbox 164 3824 1279 3910; baseline -0.004 -18"><span class='ocrx_word' id='word_1_253' title='bbox 164 3824 381 3910; x_wconf 65' lang='lat' dir='ltr'><strong>posthabitae</strong></span> <span class='ocrx_word' id='word_1_254' title='bbox 404 3825 626 3909; x_wconf 87' lang='lat' dir='ltr'><strong>philosophiam</strong></span> <span class='ocrx_word' id='word_1_255' title='bbox 648 3825 680 3889; x_wconf 91' lang='lat' dir='ltr'><strong>in</strong></span> <span class='ocrx_word' id='word_1_256' title='bbox 702 3825 813 3889; x_wconf 83' lang='lat' dir='ltr'><strong>virtute</strong></span> <span class='ocrx_word' id='word_1_257' title='bbox 836 3828 866 3889; x_wconf 85' lang='lat' dir='ltr'><strong>et</strong></span> <span class='ocrx_word' id='word_1_258' title='bbox 887 3824 951 3892; x_wconf 85' lang='lat' dir='ltr'><strong>vita</strong></span> <span class='ocrx_word' id='word_1_259' title='bbox 976 3825 1065 3890; x_wconf 84' lang='lat' dir='ltr'><strong>beatu</strong></span> <span class='ocrx_word' id='word_1_260' title='bbox 1095 3825 1279 3908; x_wconf 89' lang='lat' dir='ltr'><strong>anquirenda</strong></span> 
     </span>
     <span class='ocr_line' id='line_1_34' title="bbox 162 3928 1273 4010; baseline -0.002 -14"><span class='ocrx_word' id='word_1_261' title='bbox 162 3929 276 3997; x_wconf 87' lang='lat' dir='ltr'><strong>versari</strong></span> <span class='ocrx_word' id='word_1_262' title='bbox 297 3929 398 4003; x_wconf 82' lang='lat' dir='ltr'><strong>vellet,</strong></span> <span class='ocrx_word' id='word_1_263' title='bbox 422 3930 534 3994; x_wconf 91' lang='lat' dir='ltr'><strong>mirum</strong></span> <span class='ocrx_word' id='word_1_264' title='bbox 555 3948 616 3994; x_wconf 90' lang='lat' dir='ltr'><strong>non</strong></span> <span class='ocrx_word' id='word_1_265' title='bbox 637 3929 684 3993; x_wconf 90' lang='lat' dir='ltr'><strong>est</strong></span> <span class='ocrx_word' id='word_1_266' title='bbox 697 3928 929 4010; x_wconf 88' lang='lat' dir='ltr'><strong>Xenophontem</strong></span> <span class='ocrx_word' id='word_1_267' title='bbox 944 3931 978 3993; x_wconf 94' lang='lat' dir='ltr'><strong>ut</strong></span> <span class='ocrx_word' id='word_1_268' title='bbox 991 3929 1074 3993; x_wconf 91' lang='lat' dir='ltr'><strong>illius</strong></span> <span class='ocrx_word' id='word_1_269' title='bbox 1092 3931 1273 3994; x_wconf 90' lang='lat' dir='ltr'><strong>seotatorem</strong></span> 
     </span>
     <span class='ocr_line' id='line_1_35' title="bbox 163 4031 1279 4117; baseline 0.001 -19"><span class='ocrx_word' id='word_1_270' title='bbox 163 4031 429 4117; x_wconf 87' lang='lat' dir='ltr'><strong>diligentissimum</strong></span> <span class='ocrx_word' id='word_1_271' title='bbox 456 4035 614 4117; x_wconf 84' lang='lat' dir='ltr'><strong>poetarum</strong></span> <span class='ocrx_word' id='word_1_272' title='bbox 646 4031 809 4097; x_wconf 83' lang='lat' dir='ltr'><strong>tentionem</strong></span> <span class='ocrx_word' id='word_1_273' title='bbox 838 4051 872 4096; x_wconf 91' lang='lat' dir='ltr'><strong>eo</strong></span> <span class='ocrx_word' id='word_1_274' title='bbox 903 4031 1027 4098; x_wconf 83' lang='lat' dir='ltr'><strong>oonsilio</strong></span> <span class='ocrx_word' id='word_1_275' title='bbox 1058 4032 1279 4099; x_wconf 88' lang='lat' dir='ltr'><strong>instituendam</strong></span> 
     </span>
    </p>
   </div>
   <div class='ocr_carea' id='block_1_5' title="bbox 267 4221 963 4305">
    <p class='ocr_par' dir='ltr' id='par_1_5' title="bbox 267 4221 963 4305">
     <span class='ocr_line' id='line_1_36' title="bbox 267 4221 963 4305; baseline -0.006 -27"><span class='ocrx_word' id='word_1_276' title='bbox 267 4225 295 4291; x_wconf 84' lang='lat'><strong>¹)</strong></span> <span class='ocrx_word' id='word_1_277' title='bbox 313 4221 460 4280; x_wconf 83' lang='lat' dir='ltr'><strong>Oomment.</strong></span> <span class='ocrx_word' id='word_1_278' title='bbox 479 4223 501 4287; x_wconf 92' lang='lat' dir='ltr'><strong>I,</strong></span> <span class='ocrx_word' id='word_1_279' title='bbox 521 4223 594 4290; x_wconf 87' lang='lat'>1‚11;</span> <span class='ocrx_word' id='word_1_280' title='bbox 613 4223 697 4279; x_wconf 86' lang='lat' dir='ltr'><strong>Zellar</strong></span> <span class='ocrx_word' id='word_1_281' title='bbox 714 4223 735 4278; x_wconf 91' lang='lat'><strong>1.</strong></span> <span class='ocrx_word' id='word_1_282' title='bbox 752 4225 770 4278; x_wconf 94' lang='lat' dir='ltr'><strong>l.</strong></span> <span class='ocrx_word' id='word_1_283' title='bbox 790 4239 815 4305; x_wconf 85' lang='lat' dir='ltr'><strong>p.</strong></span> <span class='ocrx_word' id='word_1_284' title='bbox 837 4222 887 4276; x_wconf 82' lang='lat'><strong>112</strong></span> <span class='ocrx_word' id='word_1_285' title='bbox 905 4237 963 4305; x_wconf 88' lang='lat' dir='ltr'><strong>sqq.</strong></span> 
     </span>
    </p>
   </div>
   <div class='ocr_carea' id='block_1_6' title="bbox 0 0 1471 4580">
    <p class='ocr_par' dir='ltr' id='par_1_6' title="bbox 0 0 1471 4580">
     <span class='ocr_line' id='line_1_37' title="bbox 0 0 1471 4580; baseline 0 0"><span class='ocrx_word' id='word_1_286' title='bbox 0 0 1471 4580; x_wconf 95' lang='lat' dir='ltr'><strong> </strong></span> 
     </span>
    </p>
   </div>
  </div>
 </body>
</html>
