2928 4580
163 249 246 362 aa

164 443 242 533 quod
264 439 296 512 in
316 443 462 512 vocabulo
484 435 674 534 σύγγραμμα
696 443 841 513 accidisse
863 441 934 526 diri,
957 438 1103 511 dinkhius
1121 437 1277 526 indagavit

166 549 276 615 Philoi.
299 548 343 616 XI
366 570 395 634 p.
418 551 492 617 467.
537 549 726 634 Quantopere
749 552 850 616 autem
873 550 955 615 totus
976 549 1060 614 locus
1085 543 1277 629 perturbatus

165 653 265 734 berit,
287 653 379 720 etiam
403 674 438 721 ex
460 654 510 719 Ps.
533 653 695 720 Plutarcho
716 654 753 719 de
775 652 868 719 nobil.
892 673 908 719 c
942 652 982 720 15
994 653 1020 736 ¹)
1038 647 1277 717 luculentissime

165 758 297 841 apparet,
321 759 372 843 qui
396 758 514 835 stolide,
530 758 589 822 nisi
605 757 705 823 dedita
721 776 810 841 opera
824 756 975 841 legantem
991 753 1128 820 frustrari
1147 751 1276 823 volebat,

164 860 207 925 sic
229 860 404 943 descripsit:
427 861 539 927 Ταῦτα
561 858 616 945 μὲν
643 857 803 948 Θεόγνιδος
832 859 1027 950 περιφέρεται
1058 852 1098 935 ὡς
1128 851 1143 924 ‘o
1172 859 1277 943 Μεγα·

165 960 232 1053 ρεὺς
254 961 393 1049 Ξενοφῶν
416 964 505 1048 λέγει.

265 1099 331 1164 lam
363 1099 390 1164 si
419 1099 590 1186 quaerimus
622 1116 697 1184 quae
719 1099 810 1166 fuerit
830 1099 992 1186 fragmenti
1014 1096 1093 1181 quod
1121 1096 1153 1162 in
1180 1093 1278 1164 maui-

164 1201 220 1266 bus
242 1203 288 1268 est
309 1221 380 1268 vera
402 1205 432 1268 et
453 1202 583 1288 genuina
611 1203 785 1289 inscriptio,
815 1205 887 1285 puto
919 1221 987 1267 eum
1017 1201 1159 1280 titulum,
1190 1217 1277 1282 quiem

163 1305 303 1372 librarius
334 1308 386 1373 aut
416 1306 516 1373 dedita
546 1325 636 1390 opera
667 1307 771 1372 reiecit
800 1307 852 1370 aut
882 1306 960 1389 quod
994 1305 1094 1372 nescio
1128 1301 1276 1390 quomodo

165 1411 326 1474 evanuerat
348 1408 508 1495 supplevit.
532 1409 575 1473 sic
598 1409 744 1491 scriptum
766 1409 876 1474 luisse:
905 1412 967 1479 Τοῦ
992 1405 1097 1474 αὐτοῦ.
1143 1405 1223 1471 Nam
1247 1404 1278 1470 id

165 1512 377 1595 fragmentum,
401 1512 480 1594 quod
504 1511 597 1595 (apud
622 1510 705 1576 Stob.
731 1511 839 1598 cale)
863 1512 1031 1596 praecedit,
1060 1530 1096 1575 eu
1117 1509 1280 1576 Aristotele

165 1620 319 1698 sumptum
342 1618 403 1680 est:
433 1616 468 1681 b<
490 1619 543 1682 τοῦ
570 1613 802 1701 Ἀριστοτέλους
828 1614 896 1701 περὶ
925 1612 1088 1700 εὐγενείας,
1110 1619 1199 1701 atque
1225 1614 1280 1678 hoc

165 1723 302 1783 nostrum
329 1718 532 1804 fragmentum
563 1737 599 1783 ex
627 1717 732 1783 eodem
762 1717 838 1783 libro
868 1718 997 1801 petitum
1027 1737 1092 1782 essa
1124 1715 1279 1782 contendo.

166 1821 226 1886 Sed
248 1840 305 1906 quo
328 1821 447 1887 facilius
471 1841 505 1886 ea
527 1824 704 1906 argumenta
726 1838 802 1906 quae
824 1821 900 1890 mibi
916 1823 1079 1906 suppetunt
1099 1819 1278 1904 intellegan-

165 1927 223 2003 tur,
247 1928 459 2012 argumentum
481 1925 563 1992 illius
586 1925 622 1991 de
655 1924 812 1992 nobilitate
843 1925 955 2011 dialogi
985 1924 1064 2009 quod
1095 1925 1215 2010 quidem
1247 1943 1281 1990 ex

165 2031 273 2095 ceteris
293 2031 471 2117 fragmentis
494 2029 643 2096 enucleari
665 2031 765 2113 potest
794 2028 979 2096 adumbrato
1007 2029 1158 2115 simulque
1188 2048 1278 2116 quem

164 2133 266 2202 locum
288 2134 492 2220 fragmentum
515 2133 679 2199 obtinuisse
702 2133 839 2199 videatur
861 2133 1083 2200 demonstrabo.

269 2287 379 2356 Omnia
410 2283 499 2356 huius
532 2289 645 2375 dialogi
678 2288 848 2375 fragmenta
880 2290 959 2373 apud
991 2289 1074 2356 Stob.
1106 2288 1137 2355 fl.
1168 2287 1281 2366 86,24;

168 2393 278 2469 ecam
302 2393 397 2470 abac
420 2395 595 2459 conservata
617 2396 695 2459 suut.
740 2392 823 2474 Quae
846 2393 1015 2479 fragmenta
1038 2394 1068 2458 et
1090 2409 1283 2476 quaecunque

167 2498 321 2578 praeterea
352 2494 390 2560 ad
417 2495 576 2578 hocopus
605 2496 756 2578 pertinent
785 2499 955 2582 composuit
981 2498 1020 2564 V.
1050 2497 1129 2563 Rosa
1156 2495 1281 2562 Aristot.

168 2599 357 2685 pseudepigr.
386 2619 416 2682 p.
447 2600 488 2665 96
503 2635 539 2644 -
555 2599 625 2664 101.
657 2638 696 2647 -
728 2601 938 2684 Peripateticis
970 2601 1108 2685 placabat
1138 2601 1176 2666 ad
1208 2600 1284 2666 bene

168 2702 312 2786 beateque
345 2702 507 2768 vivendum
540 2705 658 2785 praeter
692 2704 835 2770 uirtutem
869 2707 961 2770 eiiam
994 2705 1073 2771 bona
1103 2706 1223 2770 externa
1256 2704 1286 2765 et

168 2805 304 2872 fortunae
327 2808 357 2872 et
379 2806 511 2889 corporis
533 2806 701 2870 necessaria
724 2809 836 2892 esset).
888 2808 1091 2890 Quamobrem
1120 2809 1213 2873 etiam
1246 2807 1283 2871 de

169 2909 325 2975 nobilitate
348 2912 379 2975 et
400 2909 513 2976 datis
535 2909 756 2992 quaesiverunt,
780 2932 852 2977 num
874 2914 930 2978 hae
953 2915 983 2978 in
1006 2913 1153 2978 bonorum
1174 2930 1284 2975 nurne-

169 3033 236 3077 rum
258 3001 482 3079 referendae‘et
503 3014 589 3078 cuins
611 3013 699 3096 pretii
723 3016 831 3079 essent.
876 3015 923 3079 lta
943 3015 1032 3079 huius
1048 3014 1161 3100 dialogi
1183 3016 1287 3079 auctor

171 3117 229 3181 sibi
250 3117 415 3200 proposuit,
439 3116 573 3199 priorum
597 3117 648 3199 qui
668 3116 704 3180 de
727 3117 883 3182 nobilitate
898 3118 1106 3183 iudicaverunt
1121 3117 1287 3183 sententias

170 3239 344 3302 percensere
367 3221 397 3284 et
418 3220 591 3286 universam
613 3219 781 3285 nobilitatis
803 3221 958 3286 notionem
975 3223 1155 3299 examinare,
1172 3221 1209 3286 ci.
1226 3221 1287 3284 lto·

172 3324 249 3388 sium
278 3322 299 3388 l.
329 3322 350 3388 l.
381 3343 410 3406 p.
442 3324 493 3388 96.
527 3324 561 3388 ll.
592 3323 698 3402 Heitz‚
730 3324 777 3387 die
807 3324 982 3389 veriorenen
1011 3324 1094 3390 Schr.
1121 3324 1173 3390 des
1194 3325 1286 3389 Arist.

171 3445 201 3508 p.
226 3425 296 3490 147.
342 3422 401 3490 Sed
424 3424 467 3489 ita
488 3425 522 3488 ut
543 3424 605 3489 iere
621 3424 656 3488 fit
671 3425 702 3489 in
718 3425 845 3511 dialogis
860 3426 1073 3506 Aristoteliam,
1090 3446 1165 3510 quos
1183 3429 1289 3510 postea

171 3529 308 3594 imitatus
341 3530 387 3593 est
421 3525 542 3606 Cicero,
576 3528 766 3612 progreditur
795 3530 905 3609 oratio,
934 3532 968 3594 ut
997 3530 1034 3595 ab
1064 3549 1124 3595 uno
1156 3531 1289 3596 oratione

171 3652 266 3716 paena
298 3634 460 3716 perpetua,
497 3651 573 3715 quae
606 3651 672 3696 raro
706 3632 846 3698 brevibus
880 3633 1009 3699 aliorum
1042 3634 1287 3718 responsionibus

172 3736 410 3819 interrumpitur,
434 3736 568 3818 quaestio
591 3735 745 3818 proposita
767 3737 921 3801 mactetur.

277 3891 300 3956 ¹)
318 3889 388 3944 Nam
405 3891 476 3943 recte
494 3888 551 3942 sine
571 3887 652 3943 dubio
670 3889 693 3943 I.
711 3887 829 3959 Bernays
848 3888 901 3958 (die
924 3890 1036 3959 Dialoge
1060 3889 1105 3944 des
1130 3887 1291 3943 Aristoteles

174 3995 198 4049 p.
225 3977 286 4046 141)
312 3979 405 4030 contra
429 3975 539 4030 Rosium
564 3975 689 4040 (Aristot.
712 3976 877 4046 pseudepigr.
903 3993 929 4046 p.
955 3977 1001 4044 97)
1025 3977 1074 4031 hoc
1098 3975 1130 4030 de
1150 3975 1292 4030 nobilitate

173 4064 328 4133 opusculum
345 4079 399 4116 non
418 4080 434 4117 a
450 4061 745 4131 Plutarchoscriptum
764 4063 810 4118 sed
829 4080 860 4117 ex
879 4063 988 4119 Stobaei
1006 4063 1033 4119 fl.
1046 4063 1217 4134 compilatum
1233 4076 1291 4126 essa

178 4148 381 4205 demonstravit.

277 4236 298 4298 a
319 4236 403 4290 rano
422 4235 450 4289 11
470 4235 506 4290 aa
523 4251 548 4304 p.
567 4235 625 4292 ero.
