2928 4580
1228 265 1267 336 17

159 459 237 544 phon
266 479 284 524 a
312 479 344 523 se
370 461 435 541 ipso
467 461 583 524 habitas
612 459 711 524 relert.
764 457 841 523 Onm
871 459 952 524 enim
976 459 1044 542 Cyri
1067 459 1213 522 exercitus
1234 459 1266 522 in

158 565 232 629 Asia
260 563 398 627 interiore
428 563 558 646 undique
581 563 649 628 dolo
672 565 760 645 atque
782 561 899 627 insidiis
927 564 1147 627 circumventus
1169 560 1268 626 domi·

158 667 229 732 cilia
251 665 397 730 collocare
418 666 599 744 institueret,
622 666 828 748 Xenophontis
855 666 1041 750 eloquentiae
1063 666 1120 729 hoc
1142 664 1267 729 arduum

159 771 314 854 negotium
336 768 453 852 obtigit,
477 771 511 833 ut
533 770 647 833 milites
670 769 760 832 saluti
782 789 852 834 suae
875 770 1066 854 desperantes
1097 771 1127 833 et
1157 768 1268 832 exhau-

160 879 222 940 stos
244 873 281 937 de
302 873 358 938 hoc
378 872 519 955 pestifero
543 873 667 938 consilio
690 872 868 954 depelleret:
895 892 1048 938 summurn
1065 874 1165 937 autern
1182 871 1270 937 fasti-

160 979 247 1062 gium
260 976 324 1042 eius
340 976 491 1050 orationis¹
510 977 558 1040 oui
574 995 633 1041 non
649 976 743 1039 deluit
758 979 891 1050 eventus,
907 975 954 1040 his
970 975 1067 1040 vertis
1083 975 1272 1040 continetur:

163 1078 209 1164 μὴ
241 1076 335 1164 ὥσπερ
372 1078 400 1144 οῐ
436 1077 610 1164 λωτοφάγοι
647 1075 877 1162 ἐπιλαῧώμείοα
913 1082 971 1163 τῆς
1008 1076 1114 1142 οἴκαδε
1151 1071 1230 1142 teet.
1243 1076 1267 1162 1)

167 1180 277 1246 llodem
298 1181 387 1246 modo
410 1182 572 1246 verisimile
594 1185 640 1246 est
661 1183 729 1246 aliia
751 1201 867 1263 quoque
882 1181 1003 1262 locis,²)
1022 1181 1072 1244 uhi
1094 1181 1271 1264 Xenophon,

166 1286 273 1368 quippe
302 1285 353 1368 qui
382 1286 558 1368 plerumque
588 1287 652 1350 sola
682 1285 824 1350 orationis
854 1285 885 1348 vi
917 1286 1079 1348 exercitum
1107 1285 1272 1370 gubernare

163 1389 271 1472 potuit,
295 1389 477 1454 orationibus
499 1390 560 1453 suis
585 1391 751 1454 Homerum
774 1389 935 1470 respiciens
966 1390 1112 1453 maiorem
1143 1389 1274 1474 dignita-

161 1495 226 1557 tem
241 1491 371 1556 tribuere
386 1492 510 1562 studuit.
528 1497 643 1557 mentes
659 1494 792 1570 militum
808 1497 975 1558 commotas
993 1511 1067 1572 esse,
1084 1493 1135 1575 qui
1153 1493 1275 1576 quidem

163 1595 302 1680 quamvis
325 1613 360 1660 ex
382 1596 520 1661 omnihus
543 1596 687 1662 Graeciae
709 1596 880 1680 regionibus
895 1596 991 1660 coacti
1008 1595 1134 1661 Homeri
1148 1596 1276 1664 libenter

164 1697 372 1764 meminerant.
418 1698 499 1777 Quae
522 1718 590 1763 oum
613 1703 656 1764 ita
672 1700 741 1774 sint,
759 1700 813 1764 has
829 1699 953 1764 Homeri
973 1699 1273 1766 commemorationes
1337 1683 1342 1692 ⁵

163 1821 269 1868 revera
290 1801 439 1868 adhibitas
461 1821 519 1866 non
542 1809 646 1884 posteo
666 1806 697 1869 in
713 1804 875 1868 scribendo
892 1805 1059 1870 ornamenti
1075 1823 1165 1869 causa
1177 1804 1277 1870 adiec-

163 1909 211 1972 tas
235 1924 300 1971 esse
322 1924 437 1972 censeo.
483 1906 657 1989 Numquid
686 1909 722 1973 ad
753 1908 897 1972 exercitus
925 1909 1112 1973 volumtatem
1143 1908 1277 1974 affectio-

164 2029 294 2093 nemque
324 2009 399 2074 illud
431 2010 574 2080 valuerit.
605 2011 677 2075 alibi
709 2012 759 2076 ubi
788 2011 897 2094 aliquis
920 2011 1061 2076 exercitui
1085 2011 1203 2104 defesso
1224 2011 1277 2078 sed

166 2115 228 2179 iam
255 2133 308 2197 spe
338 2112 495 2196 propinqui
523 2114 638 2178 reditus
667 2115 763 2179 denuo
796 2132 924 2180 accenso
955 2113 1074 2179 Ulixem
1104 2115 1278 2181 redeuntem

168 2219 235 2282 ante
257 2217 360 2282 oculos
382 2217 546 2299 proposuit,
572 2217 739 2300 Xenophon
769 2219 833 2301 i'pse
864 2222 1027 2283 enarravit:
1058 2223 1161 2284 ταῦτα
1184 2215 1276 2285 ἀκού-

164 2341 274 2396 σαντες
296 2319 532 2404 oldeprandum
554 2319 786 2406 ἐπεῖοορύβησαν
810 2317 849 2397 ὡς
872 2309 904 2386 εὖ
928 2322 1017 2407 λέγοι.
1031 2323 1057 2404 ³)

272 2440 489 2522 Saepenumero
513 2443 613 2504 autem
635 2460 695 2505 non
717 2441 985 2508 alicuius‘fabnlae
1010 2442 1161 2508 mentione
1190 2440 1277 2508 illata

166 2538 221 2607 sed
254 2541 379 2608 Homeri
412 2542 553 2626 loquendi
587 2562 701 2609 morem
737 2565 863 2630 sequens
899 2545 1136 2612 recordationem
1171 2548 1277 2630 poetae

166 2646 270 2712 iniecit
298 2646 461 2712 mentibus.
515 2644 581 2726 Qua
607 2647 639 2712 in
667 2667 698 2712 re
727 2648 807 2714 haud
829 2668 895 2715 raro
923 2650 1047 2724 accidit,
1078 2651 1112 2713 ut
1134 2649 1281 2714 eiusmodi

171 2752 323 2816 enuntiata
352 2749 527 2816 festivitatis
558 2751 706 2834 quandam
734 2753 863 2837 speciem
887 2773 958 2836 prae
981 2773 1012 2818 se
1034 2751 1176 2838 serumst)
1222 2752 1280 2817 Sed

171 2855 242 2939 quia
261 2856 347 2939 plura
369 2854 543 2921 huiusmodi
565 2856 701 2940 exempla
725 2859 867 2941 congesta
887 2857 1027 2942 leguntur
1049 2855 1128 2941 apud
1154 2855 1293 2920 Heilan··

168 2959 242 3024 dnm
264 2960 283 3024 l.
303 2961 325 3024 l.
349 2979 379 3042 p.
405 2960 445 3024 14
466 2979 541 3042 sqq,
558 2960 726 3024 accuratius
743 2960 879 3042 exempla
893 2960 1073 3043 perscrutari
1092 2959 1282 3043 supersedeo,

167 3064 345 3148 praesertim
376 3081 445 3128 cnm
475 3062 644 3149 complures
673 3064 733 3130 loci
759 3064 878 3129 obnoxii
901 3065 962 3128 sint
987 3063 1181 3146 dubitationi,
1210 3079 1283 3132 num

167 3165 277 3232 merito
298 3166 329 3231 in
351 3183 510 3232 numerum
532 3165 736 3262 imitationum
759 3169 934 3234 referantur.
1180 3233 1181 3241 ,

270 3269 370 3355 Magis
393 3277 494 3336 autem
518 3269 634 3336 lubrica
656 3290 711 3337 nec
733 3272 835 3337 tamen
860 3268 1027 3338 omittenda
1050 3267 1185 3356 proxima
1204 3289 1282 3356 pars.

171 3371 293 3440 Praeter
314 3376 391 3441 hauc
414 3373 495 3440 enim
517 3374 695 3440 elocutionis
712 3376 943 3442 similitudinem
960 3375 1051 3440 etiarn
1069 3375 1128 3439 alia
1144 3375 1281 3459 cognatio

171 3477 327 3546 observata
358 3480 388 3544 et
420 3497 438 3544 a
470 3477 575 3545 multis
610 3480 780 3565 praedicata
813 3484 877 3560 est,
906 3499 981 3564 quae
1011 3479 1048 3545 ad
1076 3479 1283 3565 Xenophontis

272 3599 293 3664 ¹)
311 3598 397 3655 Anah.
415 3598 467 3662 111,
488 3600 564 3664 2,25;
584 3601 602 3649 t.
625 3601 658 3657 81
677 3616 733 3671 sqq.

270 3685 291 3752 ²)
310 3685 395 3740 Anah.
415 3683 447 3750 V,
469 3684 525 3750 7,6;
544 3693 566 3734 κ
588 3689 637 3743 190
656 3705 719 3758 sqq;
744 3685 913 3758 Sengebusch
932 3687 949 3743 l.
968 3687 985 3740 1.
1007 3704 1031 3758 p.
1054 3687 1111 3744 139.
1137 3713 1172 3727 -
1197 3686 1282 3742 Anah.

168 3761 230 3836 vn,
250 3764 367 3836 neon
390 3772 453 3835 raa
473 3757 505 3824 Π
528 3775 592 3838 rre;
612 3763 638 3824 Ζ
656 3778 715 3831 464.
747 3777 867 3840 narrans,
881 3777 983 3845 quaese.
997 3775 1028 3829 oe
1042 3772 1104 3828 urar.
1117 3773 1183 3829 nen.
1203 3789 1228 3845 p.
1243 3775 1283 3830 14.

271 3857 293 3929 q
311 3858 396 3914 onan.
416 3861 448 3926 v,
469 3862 598 3926 1‚a-a;
617 3866 641 3911 r.
663 3865 720 3918 rra.

271 3957 292 4028 q
311 3963 393 4018 conv.
408 3965 429 4028 1,
443 3964 475 4020 16
487 3949 529 4034 τῇ
544 3949 631 4037 ψυχῇ
652 3946 959 4036 παρακελευσάμενος
976 3953 1103 4035 {tappete
1117 3964 1149 4020 cr.
1164 3965 1285 4020 nomam.

171 4078 232 4119 ula
256 4065 291 4122 au
314 4067 340 4124 n.
366 4069 382 4122 ι.
407 4095 441 4110 -
464 4067 534 4124 sut.
561 4067 606 4124 ur.
631 4069 682 4133 111,
708 4071 756 4133 aa
783 4069 868 4126 Anao.
893 4069 936 4123 111
960 4069 1020 4130 arr
1050 4048 1137 4137 ὠμῶν
1170 4050 1284 4121 tettae

169 4158 252 4227 Δ35.
271 4201 307 4214 -·
324 4171 418 4245 Cyrop.
437 4169 474 4238 II,
492 4172 534 4240 88
553 4152 609 4224 οὐκ
626 4154 744 4245 ἀγεννεῖ
761 4153 847 4246 ἀνδρὶ
861 4152 966 4234 ἐοικώς
980 4159 1008 4222 Γ
1026 4171 1074 4227 170
1096 4174 1123 4226 et
1140 4188 1207 4244 qnae
1224 4173 1287 4226 eunt

172 4258 238 4320 alibi
256 4260 361 4330 generis
379 4259 503 4318 eiusdem.
1116 4345 1134 4414 2
