2928 4580
220 235 260 304 18

216 423 368 509 cogitandi
389 423 535 490 rationem
558 423 694 511 pertinet.
738 422 819 490 Nam
842 445 1054 512 saepenumero
1077 444 1133 492 usu
1161 426 1257 504 venit,
1290 430 1325 494 ut

214 527 247 592 in
279 526 368 592 rebus
400 529 493 612 gestis
526 528 803 612 atque·hominum
835 533 970 596 morinus
1002 530 1197 616 depingendis
1234 530 1325 616 plene
1433 589 1439 596 .

214 631 340 697 Homeri
369 632 519 716 cogitandi
548 634 695 696 rationem
724 631 838 717 prodat.
894 633 1013 699 ltteninr
1042 634 1121 717 quod
1155 636 1246 699 sentit
1280 635 1325 700 ita

214 735 371 818 eloquitur,
384 736 634 817 quemadmodum
650 736 817 802 Homerum
832 737 982 804 dicentem
993 739 1132 803 audimus
1147 739 1192 802 vel
1211 739 1323 823 potiuS,

211 841 246 904 ut
276 839 385 904 clarius
414 839 512 924 ipsam
541 841 584 904 rei
614 858 736 904 oausam
765 840 949 925 significem,
976 842 1020 906 ita
1049 845 1167 906 enarrat
1195 861 1253 920 res,
1288 848 1324 908 ut

210 942 379 1008 Homerum
400 945 558 1008 adrerum
588 943 817 1029 descriptionem
846 944 976 1008 multum
1004 943 1134 1010 valuisse
1165 948 1319 1030 appareat.

208 1046 391 1130 Plerumque
414 1048 528 1114 scilicet
550 1049 625 1112 tales
647 1047 859 1112 similitudines
881 1049 1003 1114 fortuito
1025 1065 1080 1113 nec
1102 1047 1202 1112 dedita
1224 1065 1315 1133 opem

208 1153 289 1216 ortae
312 1154 391 1230 sunt,
414 1171 482 1216 cum
504 1152 658 1236 ingenium
681 1153 745 1215 eius
767 1171 785 1214 a
806 1171 896 1236 puero
920 1151 1045 1216 Homeri
1070 1151 1197 1216 lectione
1226 1152 1317 1216 miri-

206 1254 262 1319 fica
283 1255 434 1320 excultum
456 1260 486 1319 et
508 1257 726 1320 conformatum
748 1267 826 1320 esset
848 1261 879 1318 et
900 1273 934 1318 er
958 1255 1016 1318 hoc
1042 1255 1198 1336 tamquam
1229 1254 1316 1320 fonte
1424 1249 1428 1258 ’

195 1376 359 1422 summum
382 1359 509 1443 cepisset
530 1359 758 1423 incrementum.
801 1361 846 1422 Ac
868 1359 999 1442 primum
1021 1356 1143 1440 quidem
1175 1359 1313 1424 animum

204 1460 269 1524 eius
296 1461 334 1524 ad
365 1462 512 1545 poeticam
540 1462 741 1553 narrationem
768 1461 853 1525 valde
874 1460 1034 1525 inclinasse
1057 1461 1229 1526 testimonio
1253 1465 1312 1542 est,

203 1564 281 1645 quod
302 1564 422 1628 Prodici
443 1564 479 1627 de
501 1564 631 1629 Hercule
652 1565 684 1628 in
707 1565 785 1628 bivio
808 1564 1029 1628 narratiuncula
1058 1563 1146 1629 valde
1176 1563 1312 1630 delecta-

200 1666 331 1753 batur.¹)
374 1667 422 1732 Ad
444 1669 544 1752 spicae
567 1672 667 1732 autem
690 1686 812 1753 poeseos
842 1671 981 1731 naturam
1010 1667 1131 1752 propius
1159 1668 1308 1734 accedunt

72 1751 77 1766 ⁴
200 1771 412 1836 similitudines
427 1779 457 1836 et
471 1773 718 1857 comparationes,
735 1771 842 1855 quihus
858 1771 1023 1836 oraticnem
1038 1772 1141 1836 crebro
1162 1770 1305 1838 illustrat.

197 1877 297 1958 Atque
318 1878 352 1940 ut
373 1877 427 1941 has
449 1877 558 1961 partim
580 1877 712 1941 Homero
734 1876 814 1940 haud
836 1874 973 1960 indignas
995 1893 1059 1940 esse
1080 1875 1192 1961 partim
1211 1876 1306 1942 etiam

197 1981 293 2044 certos
314 1979 396 2044 locos
411 1981 588 2044 Homericos
602 1981 633 2044 in
647 1981 827 2044 memoriam
841 1979 980 2044 reducere
999 1979 1192 2064 intellegatur
1211 1999 1307 2065 pauca

196 2083 332 2168 exempla
352 2083 498 2148 indicasse
521 2082 649 2147 sufficit:
678 2084 759 2147 Hist.
783 2081 834 2146 Gr.
858 2081 911 2162 It,
934 2083 963 2163 7,
987 2084 1016 2147 6.
1038 2082 1111 2147 ibid.
1139 2082 1302 2162 vrr,o,10

195 2186 233 2250 cf.
256 2187 292 2251 B.
314 2186 377 2251 308
400 2205 464 2268 sqq.
473 2188 501 2270 ²)
546 2187 626 2250 Hist.
651 2184 702 2250 Gr.
726 2187 781 2265 lll,
806 2187 859 2263 at
880 2185 918 2250 cf.
941 2188 968 2248 Θ
993 2186 1064 2251 131.
1076 2187 1102 2269 ³)
1148 2185 1253 2270 Cyrop.
1274 2187 1299 2263 l,

193 2289 276 2371 odo.
328 2288 449 2376 Optime
476 2293 576 2354 autem
605 2291 679 2354 haec
707 2290 948 2374 ingeminatum
970 2287 1294 2374 exOyropaediaper-

193 2395 268 2478 spici
291 2399 397 2480 potest.
441 2396 524 2459 luter
546 2391 615 2478 Oyri
631 2395 711 2457 euim
734 2394 965 2478 descriptionem
988 2391 1110 2478 (Cyrcp.
1138 2392 1199 2471 Vll,
1222 2392 1297 2471 hro

191 2502 269 2583 sqq.)
292 2499 428 2563 adeuntis
444 2499 579 2562 cohortes
594 2498 707 2561 milites
723 2498 908 2560 adhortantis
924 2497 1065 2581 erigentis
1081 2505 1111 2560 et
1133 2499 1297 2580 Agamem-

189 2619 314 2682 nonem,
344 2601 597 2685 quemadmodum
626 2598 705 2685 apud
735 2601 902 2664 Homerum
910 2602 937 2685 ⁴)
960 2600 1150 2684 imperatoris
1172 2618 1294 2664 munere

188 2705 336 2790 fungitur,
370 2707 599 2770 similitudinem
633 2703 782 2788 quandam
819 2703 1001 2768 intercedere
1039 2704 1127 2768 facile
1163 2711 1297 2788 apparet.

186 2810 279 2874 Porro
301 2811 329 2875 ei
350 2811 468 2890 rationi,
491 2829 549 2893 qua
571 2810 722 2873 Homerus
744 2809 846 2894 populi
871 2809 917 2874 vel
939 2826 1096 2874 assensum
1117 2809 1165 2872 vel
1197 2808 1298 2872 admi·

187 2915 332 2978 rationem
366 2915 538 2995 similesque
571 2912 695 2976 affectus
729 2919 869 2976 consueto
898 2911 951 2976 illo
981 2930 1069 2977 versu
1099 2898 1156 2976 ὧδε
1185 2911 1221 2976 δέ
1248 2931 1298 2988 τις

185 3012 305 3094 ethecae
334 3013 403 3082 ἰδὼν
432 3017 464 3092 ἐς
495 3013 618 3100 πλησίον
649 3010 742 3078 ἄλλον
769 3014 948 3096 introducit,
979 3033 1037 3079 non
1068 3014 1226 3078 dissimiHs
1251 3027 1299 3078 est

184 3121 344 3206 descriptio
365 3123 498 3186 militum
522 3118 628 3203 Cyrop.
656 3119 735 3196 Vlll,
759 3119 842 3199 4,3r.
886 3119 1039 3184 Pantho-ae
1067 3135 1225 3205 personam
1258 3117 1296 3181 ad

182 3224 412 3291 similitudinem
441 3223 686 3301 Andromachae,
716 3240 776 3285 non
796 3222 981 3308 Penelopae,
1011 3225 1045 3286 ut
1067 3220 1204 3285 Krohnio
1226 3221 1247 3284 l.
1272 3224 1293 3284 t.

120 3333 122 3340 ⁴
181 3352 210 3418 p.
233 3333 274 3398 82
296 3333 396 3398 visum
418 3335 472 3412 est,
495 3329 589 3396 finxit.
635 3331 668 3392 Si
690 3329 772 3392 enim
794 3333 952 3392 venustam
974 3327 1059 3391 illam
1089 3324 1126 3389 de
1157 3324 1293 3390 Penthea

181 3441 212 3500 et
232 3436 385 3501 Abradata
406 3433 624 3501 enarrationem
643 3429 762 3516 (Cyrcp.
783 3431 832 3511 Vl,
847 3431 999 3518 4,2-rr)
1016 3439 1046 3496 et
1060 3430 1291 3495 Andromachae

180 3538 378 3624 Hectorisque
406 3558 558 3607 sermones
588 3539 629 3623 (Z
651 3539 715 3604 390
740 3536 819 3623 sqq.)
850 3555 1006 3625 comparo,
1037 3543 1100 3602 tam
1129 3536 1292 3600 manifesta

178 3643 255 3711 mihi
283 3645 401 3712 videtur
430 3645 585 3731 cognatio,
614 3649 647 3707 ut
676 3640 893 3728 propemodum
923 3642 1125 3708 imitationem
1160 3647 1292 3706 statuere

179 3748 316 3814 audeam.
359 3748 405 3814 Ac
426 3749 558 3834 profecto
582 3752 645 3811 taur
667 3765 812 3833 propense
842 3745 1009 3835 Xenophon
1036 3747 1188 3812 Parmeae
1218 3746 1288 3833 pul·

281 3889 305 3957 ί)
324 3888 472 3942 Commeat.
491 3887 529 3952 ll,
549 3887 615 3952 1,21.

278 3974 299 4039 ²)
321 3973 353 4029 el.
374 3977 467 4029 Aesch.
487 3975 561 4046 Sept.
580 3990 604 4027 v.
625 3975 686 4030 503.

277 4060 303 4131 8)
323 4062 438 4117 Heiland
456 4063 473 4117 l.
493 4063 511 4118 l.
531 4077 556 4133 p.
578 4061 618 4117 16.

277 4148 300 4219 ⁴)
319 4141 343 4200 h
365 4149 416 4206 233
433 4166 489 4221 sqq.
508 4150 580 4204 Heil.
597 4151 614 4204 l
633 4151 659 4216 l,
678 4151 724 4221 qui
741 4151 847 4221 quidem
864 4152 958 4210 dubito
971 4171 1006 4212 an
1023 4156 1103 4210 nimis
1122 4151 1285 4215 confidenter

174 4236 304 4306 loquitur:
322 4238 413 4308 aperte
431 4237 463 4292 X.
482 4239 604 4292 imitatus
622 4238 665 4295 est
683 4237 836 4298 Homerum.
