2928 4580
180 214 223 292 td

180 409 345 480 identidem
360 409 449 477 huius
470 411 634 477 sententiae
656 410 838 476 mentionem
863 411 955 478 faciat
966 411 1001 499 ¹),
1023 410 1100 478 inter
1117 405 1285 477 Socraticos

181 517 235 595 est,
251 515 427 599 plerumque
450 535 515 582 eam
540 515 725 601 divulgatam
750 517 838 580 luisse
865 515 1041 584 concludere
1066 516 1147 582 licet.
1169 517 1204 580 ln
1227 533 1285 598 quo

181 639 251 688 sane
266 619 486 684 concedendum
503 622 548 684 est
563 620 737 704 plerumque
754 621 865 684 factum
882 639 956 692 esse.
972 625 1006 686 ut
1028 640 1096 686 cum
1120 619 1156 685 de
1177 619 1286 684 iisdem

180 726 269 792 rebus
290 724 525 807 praescriberent
546 725 660 789 similes
683 727 827 805 ponerent
850 725 1012 790 sententias
1066 724 1212 802 Quocirca
1236 742 1287 788 ca·

180 828 310 896 vandum
332 829 386 905 est,
408 847 445 892 ne
462 827 609 911 quidquid
633 828 731 892 simile
753 829 919 896 inveniatur
941 830 977 892 ab
1001 827 1132 893 Hesiodo
1158 828 1287 912 petitum

182 952 246 1000 esse
275 934 426 1014 putemus,
458 931 552 996 veluti
580 932 786 1013 Xenophontis
819 933 931 998 dictum
962 931 1030 996 Oer,
1062 932 1143 1000 Vlrl.
1174 932 1194 996 3
1224 929 1289 997 ἔστι

182 1033 303 1103 δὀὐδὲν
326 1031 432 1114 οὕτως,
456 1022 479 1099 ὦ
500 1033 598 1120 γύναι,
622 1031 690 1102 οὔτ’
719 1031 883 1121 εὔχρηστον
906 1031 976 1102 οὕτε
998 1033 1094 1102 καλὸν
1117 1031 1290 1120 cichorium<

183 1159 222 1215 ως
244 1135 332 1217 τάξις
354 1137 384 1201 ct
406 1137 478 1202 Hes.
502 1156 550 1220 cp.
581 1159 609 1203 v.
639 1138 701 1202 erl
726 1135 921 1225 εὐὶνημοσύνη
943 1136 1003 1224 γὰρ
1027 1135 1136 1224 ἀρίστη
1161 1140 1291 1224 ἳννητοῖς

105 1263 108 1268 ·
183 1237 364 1326 drepanam,
398 1238 641 1329 κακοίνημοσύνη
676 1238 709 1306 δὲ
740 1239 875 1328 κακίστη
907 1242 1043 1324 quamvis
1077 1240 1190 1306 similia
1221 1241 1290 1312 sint,

182 1344 284 1408 tamen
305 1343 471 1425 Xenophon
494 1344 568 1410 haec
590 1345 627 1409 ab
650 1343 781 1408 Hesiodo
806 1343 947 1424 petivisse
968 1343 1119 1426 putandus
1146 1363 1204 1408 non
1235 1346 1289 1408 est.

182 1446 281 1531 Atque
308 1446 340 1512 in
369 1447 426 1511 hoc
457 1467 566 1530 genere
594 1446 737 1515 nonnulla
770 1447 881 1510 similia
914 1467 989 1531 quae
1022 1442 1101 1532 apud
1133 1451 1292 1530 utrumque

181 1551 323 1636 leguntur
337 1553 495 1634 praecepta
517 1551 653 1616 habenda
675 1551 753 1628 sunt,
781 1553 814 1614 ut
844 1551 996 1636 utriusque
1025 1553 1060 1616 de
1089 1571 1177 1616 uxore
1205 1551 1292 1614 insti·

184 1653 294 1720 tuenda
315 1655 546 1740 praeceptum2)
571 1655 658 1720 etde
681 1673 769 1738 opere
792 1654 894 1720 sedulo
917 1655 1149 1740 aggredieudoil
1176 1657 1206 1720 et
1234 1652 1293 1720 alia

183 1756 300 1846 generis
323 1756 466 1820 eiusdem.

282 1859 405 1924 Praeter
426 1859 592 1924 Homerum
623 1859 856 1940 Hesiodumque
889 1859 1035 1943 prinsipes
1059 1860 1159 1942 spicae
1187 1858 1285 1941 poesis

108 1991 114 1998 ·
182 1964 299 2030 nullum
321 1963 409 2028 huius
430 1963 546 2048 generis
568 1965 687 2045 poetam
709 1963 847 2044 respexit,
870 1965 1079 2045 praeterquam
1102 1963 1180 2048 quod
1200 1963 1289 2026 Pala·

182 2068 278 2134 medis
295 2067 610 2133 commemorationem
638 2066 675 2130 ad
705 2085 754 2130 eas
784 2086 847 2140 ros,
879 2085 953 2148 quae
983 2067 1001 2132 a
1030 2065 1158 2150 chliuis
1192 2065 1288 2148 poetis

181 2173 326 2239 mactatae
348 2171 426 2248 aunt,
450 2161 584 2254 spectare
606 2170 677 2235 licet
698 2169 887 2252 suspicante).
933 2169 1072 2237 Ceterum
1095 2191 1170 2254 quaa
1200 2189 1288 2254 prae-

182 2279 263 2342 terea
285 2275 322 2341 de
343 2274 453 2339 fabulis
475 2276 758 2357 commemorante)
783 2293 839 2338 non
863 2283 926 2338 tam
948 2295 983 2342 cx
1005 2279 1161 2356 poetarum
1182 2275 1285 2360 cogni·

184 2379 265 2446 tione
288 2396 377 2465 quam
400 2395 435 2444 ex
457 2378 538 2441 tama
559 2378 695 2462 populari
718 2398 855 2447 manasse
878 2379 1025 2445 videntur.

284 2619 425 2684 Pronirm
454 2619 715 2684 commentationis
746 2637 830 2701 pars,
865 2637 922 2702 qua
955 2619 1026 2702 quid
1057 2619 1222 2701 Xenophon
1254 2617 1291 2682 de

184 2722 277 2788 altero
306 2723 405 2806 poesis
433 2741 541 2808 genere
570 2723 590 2788 i.
622 2741 638 2785 e
679 2722 714 2785 de
744 2723 898 2806 tragoedia
928 2724 1054 2788 senserit
1084 2722 1289 2806 exponendum

184 2827 246 2905 est,
276 2827 452 2892 brevissime
480 2828 579 2908 potest
609 2825 732 2890 absolvi.
779 2825 859 2890 Nam
887 2846 981 2910 neque
1004 2828 1034 2892 in
1060 2828 1232 2892 universum
1255 2826 1291 2890 de

183 2927 336 3014 tragoedia
363 2926 495 3010 disputat
525 2947 620 3010 neque
650 2948 741 2993 unam
771 2931 901 3013 aliquam
936 2931 1121 3016 tragoediam
1155 2929 1289 3013 respicit.

183 3029 266 3113 Quae
287 3031 408 3115 quidem
431 3050 478 3096 res
500 3031 577 3096 mira
599 3051 656 3096 non
680 3036 734 3100 est.
758 3036 898 3118 quoniam
922 3035 1035 3119 tragica
1055 3036 1152 3116 poesia
1167 3035 1290 3117 propria

182 3134 412 3200 Atheniensium
427 3137 490 3199 erat
498 3138 534 3218 ⁶),
549 3136 715 3218 Xenophon
731 3143 829 3202 autem
848 3139 1009 3203 admodum
1024 3139 1140 3204 iuvenis
1158 3139 1290 3222 patriam

181 3240 312 3321 reliquit.
334 3275 377 3286 «-
398 3229 501 3303 Nihilo
524 3241 617 3303 setius
639 3242 782 3306 nonnulla
805 3244 927 3325 vestigia
951 3243 1151 3321 invertuntur,
1180 3244 1289 3326 quihus

183 3363 251 3410 eum
282 3343 373 3407 etiam
401 3343 457 3406 hoo
484 3344 582 3424 poesis
614 3363 721 3428 genere
754 3347 973 3411 adolescentem
1007 3345 1190 3412 delectatum
1224 3365 1289 3412 esse

186 3449 383 3460 ..n-.—

223 3549 228 3558 ¹
290 3479 313 3546 ¹)
332 3480 417 3533 Heine
434 3479 451 3532 1.
471 3481 489 3532 1.
509 3497 533 3548 p.
553 3481 594 3534 26.

257 3573 259 3580 ’
288 3566 311 3635 ²)
330 3565 391 3621 Oec.
410 3567 471 3631 VII,
489 3568 520 3629 4;
540 3569 603 3620 Hes.
622 3585 663 3638 op.
681 3569 739 3624 699.

289 3653 314 3716 ³)
334 3653 393 3706 Oec.
412 3654 470 3712 XX,
493 3655 522 3708 17
541 3671 603 3723 sqq;
622 3656 683 3709 Hes.
704 3673 747 3723 op.
766 3658 812 3710 571
834 3673 889 3726 :qq.

288 3757 309 3822 ⁴)
329 3757 474 3813 comment.
493 3760 541 3823 IV,
563 3759 623 3820 233
641 3740 683 3808 τὰ
696 3741 948 3830 δὲΠαλαμήδονς
962 3741 1017 3810 οὐκ
1033 3742 1175 3831 ἀκήκοας
1185 3745 1291 3834 anthap

187 3847 294 3909 τοῦτον
316 3841 375 3931 γὰρ
399 3843 436 3932 δὴ
459 3844 573 3923 πάντες
596 3843 736 3930 ὑμνοῦσιν
760 3843 799 3922 ὡς
821 3843 872 3912 ora
900 3847 1007 3932 σοφίαν
1037 3847 1210 3936 eternitate
1235 3846 1292 3914 cao

187 3932 240 3994 τοῦ
253 3927 429 4007 Ὀδυσσέως
446 3928 625 3997 ἀπόλλυται.
645 3947 676 4002 cf.
696 3947 766 4000 Plat.
779 3948 856 4015 Apol.
871 3966 894 4016 p.
909 3951 940 4004 ll
955 3951 976 4003 Β
991 3952 1163 4006 Breuneckel
1184 3955 1200 4006 l.
1215 3971 1238 4020 p.
1252 3955 1292 4008 35.

287 4033 308 4096 ὅ)
327 4029 386 4086 Oec.
411 4033 471 4094 Vll,
495 4035 529 4088 40
554 4034 598 4088 ubi
622 4033 770 4088 Danaidum
794 4037 893 4088 montio
918 4037 961 4100 fit;
988 4039 1052 4091 ibid.
1078 4040 1149 4098 XXl.
1180 4042 1217 4093 12.
1245 4041 1294 4094 ubi

185 4115 314 4171 Tantalus
334 4122 558 4175 commemoratur.

285 4205 306 4272 η
327 4205 430 4274 aeerrg.
450 4207 482 4272 ν,
500 4208 525 4260 a.
