2928 4580
1286 191 1305 266 7

189 414 244 485 καὶ
272 414 363 498 ξένων
392 411 562 494 συνουσίαις
592 411 625 482 et‘
640 438 710 482 τινα
730 407 927 501 coposiore
947 415 1005 497 τῆς
1026 407 1155 498 πατρίαν
1177 426 1300 496 φανης·

190 521 234 590 dio
255 522 427 607 uopobu‘vqo
444 517 536 588 uicos
551 515 607 586 oda
623 513 660 586 ἄν
674 540 722 596 τις
737 515 921 606 ἀττικισμοῦ
937 515 1122 606 παραλάβοι.
1156 513 1301 582 Attamen

188 627 295 697 dixerit
322 625 472 710 quispiam
506 623 617 689 mirum
647 642 712 689 esse
745 625 775 688 et
806 624 857 689 vix
890 622 1031 690 credibile
1068 619 1299 704 Xenophontem

186 732 285 800 virum
307 733 371 798 tam
394 727 536 813 ,capitali
557 728 700 814 ingeniou
713 730 739 814 ¹)
762 727 932 812 praeditum
955 745 1123 794 sermonem
1144 723 1298 792 vocabulis

122 893 128 898 .
187 836 352 922 peregrinis
375 835 579 901 contaminare
601 854 636 900 ac
649 837 715 900 tam
728 834 834 920 putido
850 836 1025 902 ornamento
1040 835 1141 900 breare
1156 831 1297 911 voluisse,

186 943 346 1024 postquam
368 957 462 1023 usque
485 939 523 1010 ad
544 939 675 1006 aetatem
697 939 919 1008 corroboratam
941 938 1038 1006 vitam
1059 936 1186 1003 Athenis
1205 934 1299 1020 degit,

188 1045 320 1111 Socratis
340 1044 397 1110 viri
419 1042 613 1112 Atheniensis
634 1045 846 1112 informatione
868 1063 941 1111 usus
963 1045 1024 1118 est,
1053 1042 1217 1126 postquam
1237 1039 1298 1105 im·

186 1151 332 1216 merserat
360 1168 392 1214 se
419 1148 556 1232 penitus,
586 1151 621 1215 ut
651 1170 687 1217 ex
715 1149 947 1216 Commentariis
976 1147 1116 1231 apparet,
1145 1145 1177 1210 in
1206 1163 1295 1228 prae·
1389 1171 1400 1196 ν

186 1254 441 1320 stantissimornm
466 1252 550 1319 illius
568 1254 681 1318 ‘aetate
705 1253 934 1320 Atheniensium
958 1248 1221 1318 consuetudinem!
1258 1246 1299 1313 nt

184 1358 316 1442 profecto
338 1357 448 1422 mirum
471 1359 526 1437 est,
549 1357 790 1441 quandoquidem
813 1355 960 1424 eiusmodi
982 1374 1030 1422 res
1056 1374 1092 1420 ex
1119 1352 1298 1435 antiquitate

185 1461 271 1528 nobis
293 1461 421 1528 boditae
443 1481 503 1527 non
525 1461 614 1530 aliter
635 1464 724 1546 atquo
746 1462 825 1546 apud
838 1462 990 1528 nostrates
1004 1457 1220 1526 existimandae
1242 1473 1299 1523 neo

185 1565 296 1642 minus,
318 1568 353 1630 ut
373 1583 442 1631 mea
463 1565 522 1632 fert
543 1566 653 1650 opinio,
676 1565 714 1632 ad
735 1566 908 1634 universam
930 1565 1055 1632 humani
1076 1561 1191 1648 ingenii
1207 1562 1298 1628 natu·

184 1689 251 1736 ram
277 1669 461 1756 revocandae
490 1673 570 1738 sunt.
623 1671 722 1754 Quem
751 1672 778 1737 si
807 1671 979 1755 sequimur,
1007 1665 1196 1753 probandum
1225 1685 1297 1735 sane

186 1775 232 1841 est
253 1774 484 1857 Xenophontem
507 1775 619 1842 diutius
640 1777 739 1859 patria
760 1775 796 1842 ec
817 1776 930 1844 civimn
953 1771 1167 1840 consuetudine
1192 1789 1297 1837 caron·

183 1880 246 1944 tem
275 1879 435 1961 paullatim
464 1881 499 1945 ut
528 1900 627 1946 mores
660 1881 704 1946 ita
736 1899 906 1948 sermonem
939 1896 1056 1963 quoque
1088 1874 1296 1967 peregrinitati

185 1982 427 2051 accommodasse
448 1983 481 2048 in
501 1984 650 2067 colloquio
671 2004 706 2049 ac
727 1984 924 2050 familiarium
947 1981 1077 2059 circulis,
1100 1979 1201 2046 sedin
1221 1979 1297 2046 scri-

184 2085 281 2152 hendo
303 2087 533 2154 Atheniensium
555 2088 729 2165 dialectum,
751 2087 930 2172 praesertim
952 2105 1022 2153 cum
1047 2087 1120 2152 truc
1148 2083 1295 2168 temporis

183 2189 246 2256 iam
275 2189 423 2276 divulgari
452 2210 505 2274 per
533 2193 629 2260 totam
659 2191 818 2260 Graeciam
841 2192 947 2276 coepta
969 2191 1018 2269 sit,
1041 2188 1209 2256 adhibitam
1231 2206 1296 2255 esso

184 2294 401 2379 expectandum
423 2297 478 2362 est.
522 2296 637 2363 Verum
659 2298 811 2364 enimvero
831 2297 907 2363 haec
929 2295 1053 2362 offensio
1075 2293 1238 2374 minuitur,
1269 2292 1296 2358 si

183 2399 350 2466 accuratius
383 2418 419 2465 ea
450 2401 614 2479 vocabula,
648 2421 724 2485 quae
756 2401 924 2484 Xenophon
956 2419 992 2467 en
1021 2399 1128 2465 alienis
1157 2394 1296 2464 delectis

182 2503 310 2586 recepit,
340 2504 556 2570 examinamus.
600 2503 735 2569 Maxima
757 2505 838 2572 enim
860 2524 930 2588 pars
951 2505 983 2570 in
1005 2522 1109 2570 eorum
1134 2520 1295 2568 numerum

181 2607 336 2673 referendo
362 2609 418 2688 est,
441 2627 516 2692 quae
537 2609 689 2692 portinent
710 2607 749 2674 ad
770 2611 867 2675 certas
890 2610 970 2676 artes
998 2609 1051 2675 ant
1078 2607 1213 2674 militum
1244 2607 1297 2672 aut

181 2711 364 2778 luctatorum
393 2712 445 2778 aut
473 2711 655 2778 musicorum
689 2713 719 2778 et
749 2713 994 2796 a-Xenophonte
1014 2713 1192 2797 plerumque
1215 2708 1296 2794 apud

181 2813 353 2900 peregrinos
380 2834 441 2882 una
470 2834 540 2882 cum
567 2816 657 2883 rebus
686 2818 810 2900 accepta
837 2819 917 2884 sunt.
960 2817 1068 2884 Restat
1088 2817 1191 2882 tamon
1212 2812 1294 2880 hand

181 2920 289 3004 exigua
311 2937 413 2985 eorum
435 2919 650 2987 vocabulorum
671 2922 899 3008 peregrinorum
919 2920 1102 3001 multitudo,
1132 2939 1208 3003 quae
1235 2937 1296 2985 non

181 3043 217 3090 ex
238 3022 359 3107 propria
383 3019 460 3090 artis
487 3025 665 3091 necessitato
691 3027 812 3110 recepta
840 3030 920 3092 sunt.
969 3025 1006 3092 In
1032 3025 1081 3091 his
1110 3023 1294 3108 explicandis

181 3127 350 3194 accuratius
377 3128 680 3213 circumspiciendum
708 3131 756 3196 est
785 3131 816 3197 et
844 3129 990 3197 nonnulla
1016 3128 1053 3197 de
1085 3127 1294 3214 Xenophontis

179 3232 300 3318 ingenio
322 3233 392 3298 sunt
412 3231 595 3299 disserenda.

281 3353 460 3438 Xenophon,
483 3356 717 3439 quotiescunque
732 3356 946 3438 argumentum
960 3353 1083 3437 aliquod
1101 3351 1295 3419 tractandum

184 3457 331 3541 surrepit,
362 3476 511 3541 nusquam
536 3456 571 3522 id
601 3458 721 3524 secutus
750 3460 811 3539 est,
839 3460 874 3525 nt
902 3458 1022 3524 animus
1042 3457 1172 3543 legentis
1194 3476 1230 3524 oa
1250 3474 1294 3537 re,

182 3580 257 3645 quae
279 3562 326 3627 est
345 3561 377 3627 in
400 3561 547 3640 manibus,
573 3561 663 3645 plane
685 3565 847 3646 occupetur
872 3564 903 3629 et
931 3561 1062 3629 auctoris
1087 3560 1186 3628 libelli
1216 3559 1295 3627 obli·

180 3665 322 3730 viscatur.
377 3663 592 3749 Quemcunque
624 3665 706 3732 enim
738 3667 946 3751 Xenophontis
978 3665 1117 3732 libellum
1152 3665 1294 3751 legimus,

182 3788 302 3852 semper
339 3768 434 3834 oculis
466 3770 577 3836 nostris
609 3770 721 3835 mirum
748 3759 901 3854 'quantum
933 3769 1109 3836 obuersatur
1141 3768 1295 3853 scriptoris

180 3892 325 3957 persona,
356 3871 488 3938 Socratis
516 3872 673 3956 discipuli,
703 3893 804 3940 rerum
832 3872 1011 3940 militarium
1041 3871 1115 3938 artis
1140 3871 1295 3956 equitandi

181 3975 382 4061 agriculturae
410 3976 601 4060 peritissimi,
631 3978 666 4041 ut
695 3997 815 4060 semper
842 3977 932 4044 facile
960 3975 998 4042 de
1027 3994 1155 4060 persona
1177 3977 1230 4042 aut
1250 3993 1293 4055 re,

178 4080 265 4146 ouius
278 4079 310 4144 in
324 4079 523 4163 descriptione
539 4080 677 4146 versatur
691 4079 832 4160 narratio,
849 4080 1020 4148 coniectura
1035 4079 1175 4168 augurari
1195 4077 1294 4164 possi-

181 4187 383 4200 ——u--un

283 4219 310 4290 ¹)
328 4218 518 4280 Valckenarius
528 4217 640 4278 wannoc
657 4216 686 4271 in
703 4217 770 4280 Xeu
790 4217 870 4277 hiem.
