2928 4580
1197 267 1237 333 19

125 449 324 516 chritudinem
347 451 619 536 praestantiamque
642 449 809 537 descripsit,
825 457 859 519 ut
873 453 910 520 ab
926 453 993 519 aliis
1008 472 1126 540 quoque
1146 453 1235 520 simi-

126 553 196 619 liter
218 551 255 618 de
275 551 352 618 loeis
374 553 553 638 quibusdam
568 553 733 618 iudicatum
748 554 797 620 sit.
809 555 833 642 ¹)
848 555 897 621 hu
912 576 1072 637 summam,
1090 576 1127 622 ne
1147 558 1233 643 plura

127 655 311 741 eiusmodi2)
344 677 519 742 congeram,
547 658 573 722 si
606 657 679 723 haec
711 658 812 724 omnia
846 661 1047 745 contemplor,
1081 662 1233 726 neminem

127 759 240 826 infitias
260 760 304 825 irc
328 779 412 846 posse
427 761 575 839 existimo,
590 761 819 848 Xenophontem
837 763 870 829 in
885 763 1072 851 Oyropaedia
1089 765 1238 850 poeticam

128 862 279 950 quandam
299 864 474 930 facultatem
497 863 618 948 prodere
642 863 737 929 etita
758 882 900 932 exornare
922 868 1099 949 orationem,
1123 871 1156 934 ut
1174 868 1241 954 epi-

129 986 233 1037 corum
254 967 408 1052 poetarum
430 967 637 1053 imprimisque
660 968 787 1035 Homeri
809 972 942 1056 vestigia
963 977 1089 1057 premat.
1130 971 1239 1037 Diver-

131 1072 204 1136 sitas
238 1073 338 1137 autem
371 1072 559 1156 ingeniorum
591 1090 626 1136 en
659 1069 714 1136 hac
746 1092 778 1137 re
811 1073 942 1140 dilucide
975 1076 1103 1161 perspici
1131 1077 1242 1161 potest,

133 1174 214 1259 quod
236 1193 305 1240 cum
329 1175 415 1240 Plato
438 1176 468 1238 iu
491 1193 525 1240 eo
548 1175 634 1251 libro,
654 1194 713 1260 quo
728 1176 891 1261 perfectam
908 1180 938 1244 et
953 1179 1091 1243 omuibus
1106 1179 1240 1245 numeris

134 1278 304 1344 absolutam
327 1278 458 1343 civitatis
480 1279 609 1343 formam
631 1281 795 1365 proposuit,
818 1284 975 1366 poetarum
997 1282 1118 1366 gentem
1141 1301 1243 1348 severe

132 1381 278 1466 exagitet,
313 1381 480 1466 Xenophon
517 1384 619 1445 contra
650 1401 799 1466 nusquam
833 1385 931 1470 magis
969 1385 1089 1470 ingenio
1126 1385 1242 1472 poetico

133 1485 259 1550 indulsit
280 1502 371 1570 quam
393 1485 424 1550 in
447 1485 640 1572 Oyrcpaedia,
661 1487 713 1551 ubi
736 1487 842 1554 eodem
864 1489 926 1556 fere
953 1490 1077 1556 consito
1108 1489 1245 1576 compul-

139 1607 190 1654 sus
212 1589 435 1674 imperatoriam
460 1592 491 1655 et
512 1589 666 1675 politicam
688 1593 784 1656 artem
805 1593 977 1678 pertractat.

162 1715 165 1718 ¹
233 1725 294 1792 Sed
315 1731 348 1793 ut
369 1727 532 1814 Xenophon
557 1747 603 1792 res
626 1747 644 1792 a
667 1748 699 1794 se
725 1729 811 1795 fictas
835 1731 961 1798 Homeri
983 1731 1153 1818 exemplum
1175 1729 1246 1796 imi·

133 1831 214 1896 tatus
236 1836 366 1903 exornat.
391 1832 435 1896 sic
463 1832 554 1896 etiam
577 1851 624 1896 res
646 1835 746 1916 gestas
768 1834 800 1897 in
820 1834 905 1899 libris
921 1836 1070 1901 historicis
1085 1835 1166 1900 haud
1180 1853 1247 1900 raro

134 1934 218 2020 epioo
247 1934 316 2000 stilo
345 1934 486 2000 describit
517 1954 571 2000 uec
600 1934 743 2006 historiae
773 1936 846 2001 fides
880 1957 948 2003 eum
971 1938 1142 2025 prohibuit,
1173 1938 1247 2024 quin

135 2039 267 2105 colorem
288 2041 439 2126 poeticum
462 2039 628 2116 adhiberet,
652 2040 737 2130 cuius
759 2043 900 2126 quamvis
921 2042 1067 2108 natiriet
1095 2061 1113 2106 a
1140 2043 1247 2106 natura

137 2143 260 2228 ingenio
289 2145 373 2210 insiti
403 2144 553 2209 Homerus
583 2142 724 2208 educator
751 2147 781 2209 et
809 2145 887 2211 altor
907 2145 999 2210 luisse
1022 2144 1170 2230 putandus
1191 2147 1247 2209 est.

140 2246 221 2312 Scite
251 2246 306 2311 hoc
335 2246 548 2310 animaduertit
575 2243 698 2310 Grotius
728 2245 823 2329 (Hist.
854 2245 906 2312 Gr.
928 2249 1081 2334 interpret.
1103 2267 1185 2314 uem.
1212 2247 1247 2325 V,

139 2371 170 2436 p.
194 2348 260 2435 63),
283 2351 335 2434 qui
357 2351 393 2414 de
416 2351 513 2415 duab.
537 2350 593 2427 Ill,
619 2352 669 2428 1,4
691 2369 757 2434 sqq,
772 2349 825 2415 ubi
840 2350 1006 2438 Xenophon
1021 2353 1052 2416 in
1068 2370 1138 2416 suae
1153 2350 1251 2416 laudis

143 2453 385 2540 pronuntiatione
401 2452 560 2518 subhmius
574 2451 716 2537 loquitur,
733 2453 806 2519 haee
822 2454 944 2521 scribit:
976 2454 1064 2535 ,huf
1075 2454 1140 2520 eine
1155 2455 1253 2521 wabr-

141 2557 209 2623 haft
230 2557 418 2623 bomerisehe
443 2555 543 2622 Weise
566 2555 626 2620 und
648 2555 680 2619 in
701 2554 783 2621 einer
804 2556 857 2624 der
872 2557 1081 2624 homerischen
1095 2555 1253 2623 ihnlichen

143 2659 273 2747 Spracbc
285 2661 454 2726 beschreibt
464 2659 631 2746 Xenophon
647 2659 750 2725 seinen
765 2659 877 2727 Traum
894 2661 965 2728 oder
976 2661 1029 2726 das
1041 2659 1252 2726 Dazuischen-

144 2769 240 2829 treten
261 2765 313 2830 des
335 2762 470 2841 Oneiros,
492 2762 550 2828 den
573 2762 650 2828 Zeus
672 2763 787 2840 sandte,
809 2763 871 2828 und
893 2783 951 2831 uon
974 2765 1044 2830 dem
1067 2764 1165 2830 dieser
1178 2781 1250 2829 neu·

145 2867 234 2934 ernde
250 2867 364 2954 Impuls
380 2867 482 2933 seiuen
497 2866 654 2951 Ursprung
667 2869 791 2942 natm‘·
809 2886 900 2952 quam
915 2887 980 2934 rem
1001 2872 1036 2934 ut
1058 2868 1254 2947 demonstret,

144 2972 406 3059 comparatitium
429 2973 529 3036 locum
551 2986 621 3035 eum
642 2969 667 3034 a
689 2971 709 3036 9
733 2972 763 3034 et
777 2974 873 3036 totam
888 2971 999 3038 somnii
1024 2971 1254 3058 descriptionem

144 3094 214 3143 cum
236 3076 383 3142 secundae
405 3073 509 3140 iliadis
530 3071 707 3159 rhapsodias
728 3073 825 3140 initio.
870 3075 1003 3142 Subinde
1025 3076 1107 3142 idem
1124 3076 1170 3142 uir
1184 3075 1256 3141 doc·

144 3187 194 3246 tus
222 3179 395 3246 huiusmodi
423 3195 523 3245 rerum
556 3175 770 3244 cahidissimus
803 3179 990 3246 existimator
1010 3180 1114 3246 laudat
1146 3177 1257 3247 simili-

144 3283 291 3363 tudinem,
314 3303 389 3369 quae
410 3283 489 3348 inter
509 3280 607 3346 Anah.
630 3280 686 3358 llI,
711 3281 783 3360 1,12
797 3317 836 3328 -
851 3286 890 3347 13
914 3287 944 3349 et
966 3283 1093 3350 Homeri
1109 3283 1256 3350 rationem

146 3387 286 3454 narrundi
309 3387 402 3454 ueluti
424 3395 448 3453 h
469 3383 532 3452 403
554 3383 722 3451 intercedit.

250 3508 331 3590 Quid
346 3508 438 3594 igitur
453 3506 624 3594 eloquentia
637 3503 855 3591 Xenophontas
868 3507 1002 3574 Homero
1017 3505 1153 3575 debuerit
1170 3523 1259 3594 expo-

148 3607 241 3680 situm
263 3617 318 3680 est.
363 3610 503 3699 Sequitur
525 3613 559 3676 ut
579 3611 789 3696 anquiramus,
819 3627 891 3676 num
922 3612 1048 3678 Homeri
1073 3611 1207 3678 carmina
1227 3611 1260 3676 in

149 3719 282 3785 seuerius
315 3735 438 3783 examen
473 3715 596 3781 vocarit.
652 3714 754 3779 Primo
787 3715 893 3780 obtutu
926 3735 998 3781 sane
1034 3715 1109 3781 nihil
1145 3717 1261 3782 exstare

156 3822 290 3904 videtur,
321 3841 356 3888 ex
385 3839 443 3908 quo
472 3819 545 3906 quid
574 3818 611 3884 de
638 3818 765 3884 Homeri
796 3818 896 3885 indole
925 3819 1065 3885 iudicarit
1092 3819 1262 3905 oohigatnr,

156 3946 252 4014 neque
273 3945 343 3993 uero
366 3926 454 4013 plane
468 3923 577 3990 desunt
591 3941 667 4006 quae
682 3922 768 4009 quasi
782 3940 886 3989 ansam
903 3923 967 3988 eius
981 3923 1085 3989 iudicii
1100 3921 1265 3990 extricandi

153 4031 304 4119 praebent,
320 4033 410 4117 atque
431 4028 505 4095 talia
520 4045 598 4094 nunc
612 4044 647 4093 eo
662 4024 836 4112 diligentius
850 4045 905 4093 nos
923 4027 1086 4114 expendere
1102 4027 1263 4113 oportebit.

156 4139 357 4152 μ*

255 4175 279 4238 ¹)
298 4171 328 4227 u.
345 4186 370 4226 r.
388 4168 512 4235 Lentsch,
532 4161 630 4222 Homer
648 4165 702 4222 und
720 4165 875 4236 Xenophon,
894 4166 990 4223 Philol.
1009 4165 1049 4222 XI
1068 4183 1093 4236 p.
1116 4166 1175 4222 714.

255 4259 277 4332 ²)
298 4257 412 4316 Heiland
431 4261 447 4314 l.
466 4257 483 4312 l.
501 4271 527 4326 p.
548 4254 589 4321 la,
608 4253 786 4312 Braitenbach
804 4252 839 4310 ad
857 4252 953 4326 Cyrop.
974 4254 1022 4320 111,
1044 4254 1110 4322 1,4r.

1075 4341 1114 4406 2*
