2928 4580
195 233 239 309 40

196 431 252 506 est,
274 428 408 510 sequitur
428 429 462 492 ut
482 425 571 493 huius
586 427 698 512 dialogi
714 431 744 493 ιι
759 426 921 512 fragmenti
937 425 973 491 de
989 443 1048 509 quo
1068 425 1187 508 agimus
1206 427 1310 492 auator

195 530 277 596 idem
304 530 353 594 sit.
403 527 484 594 Nam
514 529 610 595 denuo
640 531 689 596 hio
717 532 748 595 in
779 531 959 596 memoriam
991 529 1120 614 legentis
1153 533 1310 597 revoeatur

196 632 379 717 Theognidis
401 635 559 703 sententia.
582 651 672 716 quem
693 635 726 699 in
740 635 914 700 universum
929 633 1052 717 quidem
1066 635 1147 698 reete
1162 633 1307 712 iudicare,

196 736 249 801 sed
270 738 391 818 propter
412 735 443 798 id
467 733 567 818 (κατὰ
588 739 696 800 τοῦτον
719 733 771 801 τ“ον
793 733 896 821 λόγον)
920 735 1000 818 quod
1021 734 1165 802 divitibus
1191 736 1311 802 obtrec-

194 842 274 905 tetur
288 857 307 904 a
320 841 402 903 reato
418 838 555 902 aberrare
571 840 654 920 puto,
672 856 731 902 non
746 840 847 904 minus
862 859 953 922 quam
969 839 1155 922 Euripidem,
1169 840 1220 923 qui
1235 840 1322 905 item

196 941 333 1008 versibus
355 940 456 1005 nitatis
478 939 670 1005 nobilitatem
692 941 723 1006 et
744 959 814 1024 opes
837 943 1002 1007 contrarias
1018 942 1077 1007 sibi
1093 961 1157 1007 esse
1179 947 1310 1008 senseat.

197 1045 248 1112 Sia
269 1045 451 1129 intelligitur
471 1044 627 1126 repentina
649 1043 833 1127 Theognidis
855 1046 986 1123 mentio,
1018 1063 1077 1128 qua
1105 1045 1156 1110 Ps.
1187 1045 1310 1110 Plutar-

196 1151 270 1216 ohus
291 1151 354 1214 tam
379 1147 603 1230 obstupefactus
626 1146 693 1224 luit,
715 1149 750 1210 ut
770 1146 863 1212 verba
885 1147 926 1230 (o.
953 1147 1006 1232 18)
1028 1147 1072 1211 ita
1099 1147 1310 1213 confunderet:

194 1251 252 1319 καί
273 1275 320 1319 τοι
340 1248 428 1317 κατὰ
448 1253 556 1316 τοῦτον
578 1272 630 1314 τον
652 1247 740 1335 λόγον
763 1247 819 1315 οὐκ
842 1247 943 1335 tone<
966 1251 1133 1336 ἐπιτιμῶσι.
1185 1251 1312 1335 Θέογνις

197 1351 258 1421 tlh
274 1350 405 1442 ποιητὴς
420 1349 434 1418 ὃ
451 1352 593 1440 ποιήσας,
609 1355 774 1435 sequuntur
788 1371 892 1418 versus
907 1352 1070 1435 Euripidis.
1108 1352 1191 1432 Quae
1209 1356 1312 1418 autem

194 1459 350 1541 praeterea
372 1457 428 1521 hoo
450 1456 619 1539 fragmento
642 1455 671 1519 2.
695 1455 886 1520 eontinentur
907 1455 1032 1534 omitto,
1062 1455 1133 1538 quia
1163 1455 1238 1521 nihil
1269 1456 1308 1521 ad

195 1579 260 1626 rem
289 1559 449 1643 pertinent.
501 1556 642 1623 Ceterum
671 1557 745 1623 haee
773 1576 843 1642 pars
872 1577 890 1623 a
920 1556 1050 1624 Stobaeo
1078 1559 1188 1624 iterum
1217 1559 1311 1625 inid

196 1666 286 1748 eaput
308 1665 428 1747 reoepta
450 1662 505 1741 ιιι,
528 1661 580 1726 ubi
602 1663 815 1726 enumerantur
838 1681 890 1728 eae
911 1662 1087 1742 sententias,
1110 1681 1186 1748 quae
1210 1662 1309 1732 Theo·

196 1767 295 1854 gnidis
318 1767 484 1834 sententiae
506 1765 672 1831 contrariae
693 1767 774 1832 sunt.

296 2038 429 2128 Longius
450 2037 614 2125 procedens
637 2040 706 2127 (lrg.
729 2038 775 2124 4.)
806 2037 984 2107 Aristoteles
1012 2035 1179 2110 nobilitatis
1207 2040 1309 2109 notio·

194 2163 264 2212 nom
286 2146 329 2212 ita
351 2147 536 2224 definiverat,
561 2148 594 2209 ut
616 2145 758 2210 nobilitas
781 2146 898 2229 generis
921 2144 1092 2210 familiaeve
1125 2149 1309 2228 praestantia

195 2247 305 2336 (ἀρετη
335 2252 389 2314 τοῦ
420 2249 538 2334 γένους)
568 2253 656 2313 esset.
710 2247 912 2328 Quamobrem
942 2251 1053 2312 reotius
1083 2269 1151 2314 erim
1174 2250 1305 2315 nobilem

194 2352 355 2436 appellari,
386 2354 471 2416 ouius
501 2370 595 2435 genus
624 2354 685 2416 iam
715 2352 828 2416 duflum
858 2353 1014 2416 nobilitate
1036 2352 1185 2429 floruerit,
1216 2373 1305 2436 quam

193 2455 245 2539 qui
273 2454 399 2540 ignobili
430 2454 494 2520 looo
523 2457 611 2518 natus
641 2473 695 2518 sua
723 2454 933 2518 tantummodo
963 2457 1148 2536 praestantia
1170 2457 1305 2521 eroellat.

194 2558 336 2642 Sequitur
364 2559 465 2622 autem
494 2575 530 2622 ex
558 2558 624 2640 ipsa
652 2556 820 2622 nobilitatis
848 2558 983 2634 notione,
1018 2563 1053 2622 ut
1082 2559 1174 2624 etiam
1204 2559 1226 2624 ii
1256 2561 1308 2643 qui

193 2660 382 2726 nobilitatem
406 2663 435 2725 st
456 2660 599 2726 virtutem
622 2660 806 2724 confundant
835 2664 941 2726 errent.
991 2660 1038 2725 Ad
1068 2681 1218 2727 summam
1250 2664 1306 2728 soli

193 2760 294 2851 ὀρῖιῶς
326 2765 465 2850 ζητοῦσιν
497 2762 524 2828 οἱ
556 2759 614 2848 τὴν
649 2759 783 2848 ἀρχαίαν
813 2760 928 2850 ἀρετὴν
958 2765 1166 2849 aporrhoea.
1218 2766 1307 2832 Redit

191 2867 284 2952 igitur
304 2865 461 2949 perspioue
484 2867 611 2948 seriptor
633 2866 670 2932 ad
693 2865 877 2952 Theognidis
900 2868 1091 2944 sententiam,
1116 2888 1206 2950 quam
1221 2871 1305 2953 prin-

193 2970 271 3053 oipio
294 2969 559 3036 commendaverat
581 2974 611 3034 ιι
633 2976 788 3054 tamquam
811 2971 875 3054 ipso
897 2971 986 3035 huius
1015 2972 1059 3035 rei
1087 2971 1166 3036 haud
1196 2973 1306 3038 imme·

191 3092 257 3138 mor
280 3073 322 3138 sio
344 3074 456 3156 pergit:
478 3069 554 3138 ὅταν
577 3060 629 3139 οὖν
653 3074 815 3161 ἐγγένηται
837 3075 974 3150 τοιοῦτος
997 3065 1040 3150 εἷς
1061 3095 1108 3150 τις
1123 3075 1154 3139 ἐν
1169 3078 1212 3162 τῷ
1226 3076 1306 3161 γένει

190 3171 246 3242 καὶ
269 3172 347 3242 οὕτω
370 3178 535 3252 σπουδαῖος
557 3174 633 3242 ὥστ’
650 3174 729 3260 ἔχειν
756 3173 791 3242 τι
821 3173 880 3241 ἀπ’
897 3175 1011 3242 ἐκείνου
1040 3173 1163 3262 ἀγαθον
1188 3176 1306 3255 πολλὰς

191 3275 314 3364 γενεάς,
346 3281 435 3344 τοῦτο
458 3279 623 3344 σπουδαῖον
646 3275 769 3365 ἀνάγκη
793 3271 925 3345 εἶναιτὸ
948 3280 1048 3362 γένος·
1078 3278 1213 3348 πολλοὶ
1235 3278 1305 3366 γὰρ

192 3376 354 3446 ἔσονται
376 3382 588 3446 σπουδαῖοι
611 3375 831 3466 amaeam,
857 3377 900 3446 ἄν
922 3404 957 3446 τι
980 3377 1201 3466 &etpotamo
1224 3371 1304 3471 ᾗτό

191 3483 322 3569 γένος,
355 3479 398 3550 ἄν
428 3504 463 3550 τι
489 3480 613 3548 ἵππων
643 3481 773 3549 ἵπποι·
804 3479 944 3568 ὁμοίως
975 3481 1014 3549 δὲ
1044 3483 1114 3550 καὶ
1143 3483 1204 3552 ἐπὶ
1233 3489 1307 3552 τῶν

193 3581 319 3652 ἄλλων
350 3583 459 3664 ζώων.
513 3585 612 3669 Atque
639 3585 696 3652 hoe
725 3587 791 3653 looo
822 3586 1006 3672 Theognidis
1036 3588 1216 3672 significatio
1243 3592 1307 3654 tam

192 3695 296 3774 aperta
318 3692 380 3758 iam
411 3689 570 3756 Welolrero
602 3691 666 3756 visa
696 3693 758 3768 est,
789 3695 822 3758 ut
852 3693 916 3756 sine
943 3690 1006 3756 ulla
1027 3691 1213 3758 dubitatione
1236 3693 1256 3758 l,
1284 3693 1305 3758 l.

191 3811 221 3879 p.
244 3793 315 3860 LXI
335 3790 372 3860 de
392 3794 440 3859 his
462 3794 561 3860 verbis
584 3794 713 3860 iudioet:
737 3795 941 3880 „Theognidis
964 3814 1080 3862 memor
1102 3799 1179 3861 est.“
1223 3795 1304 3877 Quo-

192 3896 272 3962 oiroa
293 3915 311 3961 a
335 3895 463 3962 Stobaeo
486 3914 603 3980 quoque
617 3896 691 3962 haee
705 3916 775 3981 pars
790 3898 912 3982 dialogi,
929 3917 987 3981 qua
1001 3899 1180 3964 Aristoteles
1195 3901 1305 3966 iterum

191 4000 326 4084 proxime
349 4000 387 4065 ad
410 3998 593 4084 Theognidis
615 3999 651 4064 ds
673 4001 831 4066 nobilitate
855 4002 1036 4068 sententiam
1057 4003 1188 4078 aceedit,
1221 4004 1305 4069 inid

192 4109 280 4188 eaput
312 4108 431 4187 reoepta
452 4106 507 4178 est,
531 4103 583 4169 ubi
606 4105 788 4170 testimoniis
816 4103 1009 4170 confirmatur
1038 4101 1086 4172 tia
1114 4102 1245 4192 εὐγενεῖς
1276 4105 1304 4175 οἱ

193 4199 254 4278 ἀπὸ
276 4208 414 4296 χρηστῶν
436 4206 577 4294 πατέρων
598 4200 617 4272 i
642 4210 777 4276 δυνατῶν
799 4202 820 4298 ἢ
843 4203 970 4290 ἐνδόξων
992 4205 1168 4300 γιγνόμενοι.
