2928 4580
1233 245 1275 316 33

165 434 195 498 et
217 433 254 498 ab
276 433 323 498 hio
338 433 445 498 studiis
459 433 671 501 umbratilibus
684 433 809 499 remotis
823 433 952 519 negotiis
966 452 998 500 se
1013 433 1144 514 dederat,
1160 436 1269 502 horum

165 538 391 618 praeceptomm
422 537 570 602 clarorum
599 555 715 603 mernor
741 538 830 618 esset,
860 537 912 602 sed
941 538 973 603 in
999 537 1118 622 seriptis
1140 539 1203 604 suis
1223 540 1267 605 ibi

165 639 374 704 tantummodo
397 657 500 705 eorum
521 641 656 722 apertam
677 641 824 706 rationem
846 639 962 720 habuit,
984 640 1037 706 nbi
1058 641 1107 708 vel
1136 639 1268 708 Socrati-

167 760 269 808 oomm
292 743 547 808 conversationem
570 742 737 826 descripsit,
759 744 845 809 utin
867 743 1022 824 Conuiuio,
1045 747 1097 810 aut
1116 743 1271 812 Socratem
1344 769 1346 772 ·

167 865 184 910 a
214 845 398 924 criminibus,
423 863 498 927 quae
520 845 557 910 ad
582 847 738 928 poetamm
767 847 1044 930 interpretationem
1072 848 1271 931 pertinebant,

167 947 309 1028 defendit,
332 947 411 1032 quod
433 947 554 1032 quidem
576 948 741 1014 identidem
762 949 834 1014 fecit
855 950 887 1014 in
909 948 1152 1017 Commentariis.

606 1671 773 1800 Parnm
809 1673 851 1800 ll.

172 1969 235 2056 De
267 1973 513 2075 fragmento
542 1973 841 2076 Xenophontis
869 1972 904 2040 ἐκ
934 1979 987 2042 τοῦ
1022 1976 1090 2062 περὶ
1123 1974 1285 2064 Θεόγνιδος

485 2183 604 2284 apud
632 2183 748 2264 Stob.
775 2181 818 2262 fl.
845 2183 975 2280 88,14.

276 2457 311 2521 In
334 2455 455 2521 Stobaei
477 2457 633 2543 Florilegii
655 2477 690 2524 ea
711 2459 806 2543 parte,
829 2476 905 2542 quae
921 2457 1110 2523 inscribitur:
1132 2454 1180 2523 ὅτι
1203 2456 1284 2544 εὐγε-

174 2565 235 2634 νεῖς
257 2557 284 2623 οἱ
307 2555 367 2624 ἀπὸ
389 2563 529 2645 χρηστῶν
549 2561 690 2646 πατέρων
717 2557 737 2647 ἢ
768 2563 903 2627 δυνατῶν
930 2555 952 2646 ἢ
978 2558 1106 2640 ἐνδόξων
1135 2557 1289 2646 γενόμενοι

175 2661 309 2748 (8814),
333 2666 429 2726 exstat
450 2661 652 2747 fragmentum
674 2664 754 2742 haud
775 2665 819 2729 ita
840 2663 985 2746 amplum,
1008 2663 1088 2747 quod
1102 2664 1284 2746 Xenophon-

175 2772 237 2829 tem
260 2768 412 2830 auctorem
433 2785 505 2849 prae
528 2785 559 2831 se
581 2767 640 2832 fert
660 2769 717 2832 hac
739 2767 950 2850 inscriptione:
972 2764 1166 2851 Ξενοφῶντος
1181 2766 1217 2830 ἐκ
1232 2771 1286 2832 τοῦ

175 2863 244 2953 περὶ
266 2865 435 2952 Θεόγνιδος.
479 2867 669 2952 Quamquam
699 2873 801 2935 autem
829 2868 929 2952 priore
957 2867 1130 2950 quaestione
1153 2868 1290 2951 explora·

177 2971 292 3047 vimuS,
321 2969 513 3054 Xenophonti
543 2972 727 3058 Theognidis
760 2971 893 3038 earmina
925 2973 997 3036 nota
1031 2973 1061 3034 et
1092 2973 1288 3054 comprobata

177 3074 280 3149 fuisse,
304 3077 409 3140 tamen
431 3094 491 3140 non
513 3075 614 3142 minus
637 3095 782 3160 cumpro
808 3075 922 3162 ingenii
951 3072 1051 3138 indole
1082 3073 1120 3139 ab
1142 3074 1292 3141 eiusmodi

178 3177 460 3260 disceptationibus,
490 3181 524 3244 ut
545 3180 690 3263 peculiari
711 3179 788 3245 libro
811 3178 847 3245 de
869 3178 996 3244 alicuius
1017 3178 1124 3260 poetae
1146 3179 1286 3245 carmini-

178 3281 235 3346 hus
268 3285 386 3366 ageret,
420 3281 509 3367 longe
541 3283 732 3349 abhorruisse
763 3300 817 3366 pro
851 3279 1003 3365 explorato
1033 3278 1205 3345 habendum
1234 3284 1289 3347 est.

179 3383 382 3466 Quamobrem
403 3386 465 3451 iarn
486 3385 600 3452 dudum
623 3388 810 3464 exstiterunt,
834 3385 885 3469 qui
908 3383 1079 3448 dubitarent
1092 3402 1167 3448 num
1181 3384 1290 3450 merito

179 3488 255 3553 illud
270 3489 473 3574 fragmentum
488 3490 697 3575 Xenophontis
712 3490 834 3555 nomine
848 3486 1098 3565 circumferretur,
1115 3503 1184 3553 oum
1205 3507 1293 3572 prae-

180 3593 284 3657 sertim
307 3592 403 3658 adhuc
425 3612 495 3659 eum
508 3595 540 3660 in
555 3594 697 3682 exiguum
712 3612 816 3659 eorum
831 3594 967 3658 retemm
982 3590 1164 3673 scriptorum
1182 3610 1290 3658 nume-

178 3716 247 3762 rum
277 3696 468 3762 referendum
501 3717 566 3770 esse
598 3698 824 3782 putaverimus,
857 3715 984 3779 quorum
1014 3713 1105 3778 opera
1133 3694 1172 3760 ad
1199 3715 1292 3762 unum

179 3801 282 3865 omnia
304 3804 479 3867 conservata
500 3805 589 3885 atque
612 3803 705 3868 etiam
727 3802 765 3867 ab
787 3799 1002 3884 impostoribus
1017 3797 1202 3882 amplificata
1221 3799 1291 3865 sint.

180 3905 245 3970 Nec
266 3923 336 3971 uero
359 3903 525 3986 defuemnt,
550 3905 601 3989 qui
626 3905 714 3972 illum
742 3923 846 3973 revera
875 3903 968 3968 talem
997 3901 1109 3968 librum
1142 3905 1295 3987 conserip-

181 4008 256 4074 sisee
285 4009 486 4093 opinarentur.
539 4007 599 4075 Sed
628 4008 699 4094 quid
728 4009 775 4075 itti
802 4009 834 4073 in
863 4009 920 4074 hoo
947 4005 1116 4091 fragmento
1139 4008 1294 4074 tractando

180 4112 344 4196 periclitati
372 4113 434 4178 sint
462 4113 526 4179 iure
555 4113 680 4193 omitto,
711 4114 782 4199 quia
811 4110 962 4196 Sauppius
992 4110 1067 4175 Xon.
1101 4128 1149 4195 op.
1179 4110 1238 4176 vol.
1270 4111 1297 4176 V

179 4239 210 4304 p.
234 4219 297 4286 293
319 4216 421 4286 omnia
442 4236 518 4302 quae
541 4217 634 4308 digna
656 4221 728 4288 suut
748 4218 919 4288 memoratu
941 4214 1146 4385 congessit3et
1168 4214 1298 4286 breviter
