<?xml version="1.0" encoding="UTF-8"?>
<!DOCTYPE html PUBLIC "-//W3C//DTD XHTML 1.0 Transitional//EN"
    "http://www.w3.org/TR/xhtml1/DTD/xhtml1-transitional.dtd">
<html xmlns="http://www.w3.org/1999/xhtml" xml:lang="en" lang="en">
 <head>
  <title>
</title>
<meta http-equiv="Content-Type" content="text/html;charset=utf-8" />
  <meta name='ocr-system' content='tesseract 3.04.00' />
  <meta name='ocr-capabilities' content='ocr_page ocr_carea ocr_par ocr_line ocrx_word'/>
</head>
<body>
  <div class='ocr_page' id='page_1' title='image "./quaestionesxeno00rausgoog_0021.png"; bbox 0 0 2928 4580; ppageno 0'>
   <div class='ocr_carea' id='block_1_1' title="bbox 172 174 213 247">
    <p class='ocr_par' dir='ltr' id='par_1_1' title="bbox 172 174 213 247">
     <span class='ocr_line' id='line_1_1' title="bbox 172 174 213 247; baseline 0.049 -2"><span class='ocrx_word' id='word_1_1' title='bbox 172 174 213 247; x_wconf 86' lang='grc'>16</span> 
     </span>
    </p>
   </div>
   <div class='ocr_carea' id='block_1_2' title="bbox 169 365 1281 453">
    <p class='ocr_par' dir='ltr' id='par_1_2' title="bbox 169 365 1281 453">
     <span class='ocr_line' id='line_1_2' title="bbox 169 365 1281 453; baseline 0.002 -20"><span class='ocrx_word' id='word_1_2' title='bbox 169 368 299 434; x_wconf 87' lang='lat' dir='ltr'>rationes</span> <span class='ocrx_word' id='word_1_3' title='bbox 328 386 429 434; x_wconf 88' lang='lat' dir='ltr'>rerum</span> <span class='ocrx_word' id='word_1_4' title='bbox 450 365 688 436; x_wconf 78' lang='lat' dir='ltr'>¹Homericarum</span> <span class='ocrx_word' id='word_1_5' title='bbox 718 371 748 434; x_wconf 87' lang='lat' dir='ltr'>et</span> <span class='ocrx_word' id='word_1_6' title='bbox 782 365 952 436; x_wconf 87' lang='lat' dir='ltr'>inseruntur</span> <span class='ocrx_word' id='word_1_7' title='bbox 983 369 1015 434; x_wconf 92' lang='lat' dir='ltr'>in</span> <span class='ocrx_word' id='word_1_8' title='bbox 1048 367 1281 453; x_wconf 89' lang='lat' dir='ltr'>disputationem</span> 
     </span>
    </p>
   </div>
   <div class='ocr_carea' id='block_1_3' title="bbox 62 471 1282 555">
    <p class='ocr_par' dir='ltr' id='par_1_3' title="bbox 62 471 1282 555">
     <span class='ocr_line' id='line_1_3' title="bbox 62 471 1282 555; baseline 0 -18"><span class='ocrx_word' id='word_1_9' title='bbox 62 472 65 476; x_wconf 84' lang='grc'><strong>’</strong></span> <span class='ocrx_word' id='word_1_10' title='bbox 169 472 200 537; x_wconf 91' lang='lat' dir='ltr'>et</span> <span class='ocrx_word' id='word_1_11' title='bbox 220 474 377 555; x_wconf 81' lang='lat' dir='ltr'><strong>tamquam</strong></span> <span class='ocrx_word' id='word_1_12' title='bbox 399 471 626 538; x_wconf 86' lang='lat' dir='ltr'>condimentum</span> <span class='ocrx_word' id='word_1_13' title='bbox 648 474 779 539; x_wconf 93' lang='lat' dir='ltr'>sermoni</span> <span class='ocrx_word' id='word_1_14' title='bbox 803 471 1024 554; x_wconf 71' lang='lat' dir='ltr'><strong>immiscentur,</strong></span> <span class='ocrx_word' id='word_1_15' title='bbox 1040 473 1131 539; x_wconf 73' lang='lat' dir='ltr'>monti</span> <span class='ocrx_word' id='word_1_16' title='bbox 1145 472 1204 537; x_wconf 89' lang='lat' dir='ltr'>fert</span> <span class='ocrx_word' id='word_1_17' title='bbox 1219 491 1282 538; x_wconf 90' lang='lat' dir='ltr'>ser·</span> 
     </span>
    </p>
   </div>
   <div class='ocr_carea' id='block_1_4' title="bbox 163 574 1331 3251">
    <p class='ocr_par' dir='ltr' id='par_1_4' title="bbox 165 574 1282 2319">
     <span class='ocr_line' id='line_1_4' title="bbox 168 574 1280 656; baseline 0.001 -16"><span class='ocrx_word' id='word_1_18' title='bbox 168 575 385 641; x_wconf 89' lang='lat' dir='ltr'>mocinantium</span> <span class='ocrx_word' id='word_1_19' title='bbox 405 574 516 656; x_wconf 83' lang='lat' dir='ltr'>libido,</span> <span class='ocrx_word' id='word_1_20' title='bbox 545 577 580 642; x_wconf 90' lang='lat' dir='ltr'>ut</span> <span class='ocrx_word' id='word_1_21' title='bbox 602 576 676 642; x_wconf 89' lang='lat' dir='ltr'>talia</span> <span class='ocrx_word' id='word_1_22' title='bbox 696 576 822 642; x_wconf 93' lang='lat' dir='ltr'>minime</span> <span class='ocrx_word' id='word_1_23' title='bbox 846 577 925 643; x_wconf 90' lang='lat' dir='ltr'>serio</span> <span class='ocrx_word' id='word_1_24' title='bbox 949 576 1031 643; x_wconf 88' lang='lat' dir='ltr'>diota</span> <span class='ocrx_word' id='word_1_25' title='bbox 1051 576 1189 644; x_wconf 88' lang='lat' dir='ltr'>habenda</span> <span class='ocrx_word' id='word_1_26' title='bbox 1210 577 1280 655; x_wconf 83' lang='lat' dir='ltr'>sint,</span> 
     </span>
     <span class='ocr_line' id='line_1_5' title="bbox 170 679 1281 764; baseline 0.003 -21"><span class='ocrx_word' id='word_1_27' title='bbox 170 696 239 744; x_wconf 94' lang='lat' dir='ltr'>cum</span> <span class='ocrx_word' id='word_1_28' title='bbox 271 679 449 763; x_wconf 83' lang='lat' dir='ltr'>praesertim</span> <span class='ocrx_word' id='word_1_29' title='bbox 481 679 667 745; x_wconf 88' lang='lat' dir='ltr'>audientium</span> <span class='ocrx_word' id='word_1_30' title='bbox 699 680 761 746; x_wconf 85' lang='lat' dir='ltr'>lere</span> <span class='ocrx_word' id='word_1_31' title='bbox 786 680 946 747; x_wconf 80' lang='lat' dir='ltr'>hilaritate</span> <span class='ocrx_word' id='word_1_32' title='bbox 980 698 1072 764; x_wconf 89' lang='lat' dir='ltr'>quam</span> <span class='ocrx_word' id='word_1_33' title='bbox 1101 681 1133 746; x_wconf 93' lang='lat' dir='ltr'>in</span> <span class='ocrx_word' id='word_1_34' title='bbox 1163 682 1281 763; x_wconf 89' lang='lat' dir='ltr'>partem</span> 
     </span>
     <span class='ocr_line' id='line_1_6' title="bbox 169 779 1282 871; baseline 0.001 -23"><span class='ocrx_word' id='word_1_35' title='bbox 169 782 341 866; x_wconf 86' lang='lat' dir='ltr'>accipienda</span> <span class='ocrx_word' id='word_1_36' title='bbox 362 783 424 848; x_wconf 88' lang='lat' dir='ltr'>sint</span> <span class='ocrx_word' id='word_1_37' title='bbox 445 782 612 871; x_wconf 77' lang='lat' dir='ltr'>declaretur</span> <span class='ocrx_word' id='word_1_38' title='bbox 633 779 729 868; x_wconf 68' lang='lat' dir='ltr'>(tohu</span> <span class='ocrx_word' id='word_1_39' title='bbox 751 780 790 870; x_wconf 87' lang='grc' dir='ltr'>δὴ</span> <span class='ocrx_word' id='word_1_40' title='bbox 812 781 1001 870; x_wconf 63' lang='lat' dir='ltr'>decreturus</span> <span class='ocrx_word' id='word_1_41' title='bbox 1025 781 1187 865; x_wconf 79' lang='grc' dir='ltr'><strong>ἅπαντες).</strong></span> <span class='ocrx_word' id='word_1_42' title='bbox 1232 783 1282 849; x_wconf 89' lang='lat' dir='ltr'>Sic</span> 
     </span>
     <span class='ocr_line' id='line_1_7' title="bbox 168 883 1280 975; baseline 0.004 -26"><span class='ocrx_word' id='word_1_43' title='bbox 168 883 205 951; x_wconf 90' lang='lat' dir='ltr'>de</span> <span class='ocrx_word' id='word_1_44' title='bbox 220 887 346 953; x_wconf 86' lang='lat' dir='ltr'>venusta</span> <span class='ocrx_word' id='word_1_45' title='bbox 361 886 549 952; x_wconf 83' lang='lat' dir='ltr'>excusatione</span> <span class='ocrx_word' id='word_1_46' title='bbox 562 886 756 952; x_wconf 89' lang='lat' dir='ltr'>iudicandum</span> <span class='ocrx_word' id='word_1_47' title='bbox 772 885 889 952; x_wconf 90' lang='lat' dir='ltr'>videtur</span> <span class='ocrx_word' id='word_1_48' title='bbox 909 904 968 970; x_wconf 91' lang='lat' dir='ltr'>qua</span> <span class='ocrx_word' id='word_1_49' title='bbox 991 886 1153 953; x_wconf 78' lang='lat' dir='ltr'>Niceratus</span> <span class='ocrx_word' id='word_1_50' title='bbox 1173 887 1280 975; x_wconf 81' lang='lat' dir='ltr'>(Gonu.</span> 
     </span>
     <span class='ocr_line' id='line_1_8' title="bbox 167 987 1280 1077; baseline 0.004 -25"><span class='ocrx_word' id='word_1_51' title='bbox 167 987 221 1068; x_wconf 86' lang='lat' dir='ltr'>IV,</span> <span class='ocrx_word' id='word_1_52' title='bbox 250 989 305 1073; x_wconf 85' lang='lat'>45)</span> <span class='ocrx_word' id='word_1_53' title='bbox 332 990 444 1068; x_wconf 82' lang='lat' dir='ltr'>utitur,</span> <span class='ocrx_word' id='word_1_54' title='bbox 477 1008 547 1056; x_wconf 89' lang='lat' dir='ltr'>cum</span> <span class='ocrx_word' id='word_1_55' title='bbox 573 990 742 1055; x_wconf 88' lang='lat' dir='ltr'>Homerum</span> <span class='ocrx_word' id='word_1_56' title='bbox 771 990 827 1066; x_wconf 80' lang='lat' dir='ltr'>iis,</span> <span class='ocrx_word' id='word_1_57' title='bbox 850 990 901 1073; x_wconf 91' lang='lat' dir='ltr'>qui</span> <span class='ocrx_word' id='word_1_58' title='bbox 925 991 1073 1056; x_wconf 88' lang='lat' dir='ltr'>avaritiae</span> <span class='ocrx_word' id='word_1_59' title='bbox 1095 990 1280 1077; x_wconf 79' lang='lat' dir='ltr'>indulgeant,</span> 
     </span>
     <span class='ocr_line' id='line_1_9' title="bbox 167 1091 1278 1179; baseline 0.005 -24"><span class='ocrx_word' id='word_1_60' title='bbox 167 1091 370 1159; x_wconf 78' lang='lat' dir='ltr'>obsecundare</span> <span class='ocrx_word' id='word_1_61' title='bbox 398 1095 511 1159; x_wconf 86' lang='lat' dir='ltr'>conset.</span> <span class='ocrx_word' id='word_1_62' title='bbox 524 1091 571 1179; x_wconf 77' lang='grc'>1)’</span> <span class='ocrx_word' id='word_1_63' title='bbox 601 1092 717 1158; x_wconf 81' lang='lat' dir='ltr'>llodem</span> <span class='ocrx_word' id='word_1_64' title='bbox 742 1092 831 1158; x_wconf 93' lang='lat' dir='ltr'>modo</span> <span class='ocrx_word' id='word_1_65' title='bbox 858 1094 891 1157; x_wconf 94' lang='lat' dir='ltr'>in</span> <span class='ocrx_word' id='word_1_66' title='bbox 916 1096 1090 1160; x_wconf 76' lang='lat' dir='ltr'>manscursu</span> <span class='ocrx_word' id='word_1_67' title='bbox 1110 1096 1278 1178; x_wconf 84' lang='lat' dir='ltr'>Agamem·</span> 
     </span>
     <span class='ocr_line' id='line_1_10' title="bbox 166 1193 1279 1281; baseline 0.004 -22"><span class='ocrx_word' id='word_1_68' title='bbox 166 1193 253 1260; x_wconf 91' lang='lat' dir='ltr'>nonis</span> <span class='ocrx_word' id='word_1_69' title='bbox 273 1213 417 1278; x_wconf 84' lang='lat' dir='ltr'>personae</span> <span class='ocrx_word' id='word_1_70' title='bbox 437 1196 551 1262; x_wconf 90' lang='lat' dir='ltr'>mentio</span> <span class='ocrx_word' id='word_1_71' title='bbox 574 1196 645 1280; x_wconf 69' lang='lat' dir='ltr'>fit2)</span> <span class='ocrx_word' id='word_1_72' title='bbox 661 1199 691 1261; x_wconf 91' lang='lat' dir='ltr'>et</span> <span class='ocrx_word' id='word_1_73' title='bbox 705 1196 823 1262; x_wconf 88' lang='lat' dir='ltr'>Paridis</span> <span class='ocrx_word' id='word_1_74' title='bbox 837 1196 941 1262; x_wconf 90' lang='lat' dir='ltr'>indicii</span> <span class='ocrx_word' id='word_1_75' title='bbox 954 1197 980 1280; x_wconf 84' lang='lat'>³)</span> <span class='ocrx_word' id='word_1_76' title='bbox 997 1199 1088 1281; x_wconf 89' lang='lat' dir='ltr'>atque</span> <span class='ocrx_word' id='word_1_77' title='bbox 1103 1197 1279 1264; x_wconf 87' lang='lat' dir='ltr'>Patroclum</span> 
     </span>
     <span class='ocr_line' id='line_1_11' title="bbox 167 1298 1279 1383; baseline 0.001 -19"><span class='ocrx_word' id='word_1_78' title='bbox 167 1299 299 1364; x_wconf 88' lang='lat' dir='ltr'>amicum</span> <span class='ocrx_word' id='word_1_79' title='bbox 326 1316 387 1365; x_wconf 93' lang='lat' dir='ltr'>non</span> <span class='ocrx_word' id='word_1_80' title='bbox 415 1299 563 1365; x_wconf 90' lang='lat' dir='ltr'>amasium</span> <span class='ocrx_word' id='word_1_81' title='bbox 592 1298 707 1365; x_wconf 85' lang='lat' dir='ltr'>Achilli</span> <span class='ocrx_word' id='word_1_82' title='bbox 734 1300 827 1365; x_wconf 83' lang='lat' dir='ltr'>fnisse</span> <span class='ocrx_word' id='word_1_83' title='bbox 855 1299 1067 1383; x_wconf 80' lang='lat' dir='ltr'>affirmatm.⁴)</span> <span class='ocrx_word' id='word_1_84' title='bbox 1112 1301 1149 1365; x_wconf 91' lang='lat' dir='ltr'>ln</span> <span class='ocrx_word' id='word_1_85' title='bbox 1173 1300 1279 1365; x_wconf 90' lang='lat' dir='ltr'>eadem</span> 
     </span>
     <span class='ocr_line' id='line_1_12' title="bbox 166 1399 1279 1494; baseline 0.003 -28"><span class='ocrx_word' id='word_1_86' title='bbox 166 1399 293 1486; x_wconf 88' lang='lat' dir='ltr'>denique</span> <span class='ocrx_word' id='word_1_87' title='bbox 315 1403 573 1488; x_wconf 84' lang='lat' dir='ltr'>argumentatione</span> <span class='ocrx_word' id='word_1_88' title='bbox 595 1403 688 1469; x_wconf 91' lang='lat' dir='ltr'>etiam</span> <span class='ocrx_word' id='word_1_89' title='bbox 708 1403 793 1468; x_wconf 89' lang='lat' dir='ltr'>lusus</span> <span class='ocrx_word' id='word_1_90' title='bbox 816 1404 1047 1494; x_wconf 78' lang='lat' dir='ltr'>etymologicus,</span> <span class='ocrx_word' id='word_1_91' title='bbox 1063 1405 1097 1468; x_wconf 91' lang='lat' dir='ltr'>ut</span> <span class='ocrx_word' id='word_1_92' title='bbox 1111 1403 1155 1469; x_wconf 92' lang='lat' dir='ltr'>ita</span> <span class='ocrx_word' id='word_1_93' title='bbox 1170 1403 1279 1484; x_wconf 83' lang='lat' dir='ltr'>dicam,</span> 
     </span>
     <span class='ocr_line' id='line_1_13' title="bbox 167 1503 1274 1592; baseline 0 -21"><span class='ocrx_word' id='word_1_94' title='bbox 167 1503 337 1572; x_wconf 87' lang='lat' dir='ltr'>Homericis</span> <span class='ocrx_word' id='word_1_95' title='bbox 351 1507 487 1573; x_wconf 87' lang='lat' dir='ltr'>versibus</span> <span class='ocrx_word' id='word_1_96' title='bbox 502 1505 645 1574; x_wconf 89' lang='lat' dir='ltr'>adhibitis</span> <span class='ocrx_word' id='word_1_97' title='bbox 661 1507 842 1586; x_wconf 80' lang='lat' dir='ltr'>instituitur3</span> <span class='ocrx_word' id='word_1_98' title='bbox 864 1526 974 1574; x_wconf 91' lang='lat' dir='ltr'>nomen</span> <span class='ocrx_word' id='word_1_99' title='bbox 990 1508 1069 1574; x_wconf 91' lang='lat' dir='ltr'>enim</span> <span class='ocrx_word' id='word_1_100' title='bbox 1088 1505 1274 1592; x_wconf 79' lang='lat' dir='ltr'>Ganymedis</span> 
     </span>
     <span class='ocr_line' id='line_1_14' title="bbox 167 1609 1276 1694; baseline 0.003 -20"><span class='ocrx_word' id='word_1_101' title='bbox 167 1627 184 1674; x_wconf 91' lang='lat' dir='ltr'>e</span> <span class='ocrx_word' id='word_1_102' title='bbox 205 1609 320 1677; x_wconf 88' lang='lat' dir='ltr'>duobus</span> <span class='ocrx_word' id='word_1_103' title='bbox 341 1610 421 1694; x_wconf 92' lang='lat' dir='ltr'>apud</span> <span class='ocrx_word' id='word_1_104' title='bbox 442 1610 611 1678; x_wconf 89' lang='lat' dir='ltr'>Homerum</span> <span class='ocrx_word' id='word_1_105' title='bbox 632 1611 754 1677; x_wconf 91' lang='lat' dir='ltr'>usitatis</span> <span class='ocrx_word' id='word_1_106' title='bbox 776 1611 930 1678; x_wconf 86' lang='lat' dir='ltr'>vocabulis</span> <span class='ocrx_word' id='word_1_107' title='bbox 956 1611 1110 1678; x_wconf 90' lang='lat' dir='ltr'>enodatur.</span> <span class='ocrx_word' id='word_1_108' title='bbox 1153 1610 1276 1677; x_wconf 79' lang='lat' dir='ltr'>Levitae</span> 
     </span>
     <span class='ocr_line' id='line_1_15' title="bbox 167 1714 1275 1799; baseline 0.001 -20"><span class='ocrx_word' id='word_1_109' title='bbox 167 1715 269 1780; x_wconf 89' lang='lat' dir='ltr'>autem</span> <span class='ocrx_word' id='word_1_110' title='bbox 297 1715 406 1780; x_wconf 83' lang='lat' dir='ltr'>talium</span> <span class='ocrx_word' id='word_1_111' title='bbox 434 1715 628 1796; x_wconf 81' lang='lat' dir='ltr'>facetiarum,</span> <span class='ocrx_word' id='word_1_112' title='bbox 658 1734 735 1799; x_wconf 88' lang='lat' dir='ltr'>quae</span> <span class='ocrx_word' id='word_1_113' title='bbox 764 1733 824 1781; x_wconf 94' lang='lat' dir='ltr'>non</span> <span class='ocrx_word' id='word_1_114' title='bbox 853 1717 936 1782; x_wconf 91' lang='lat' dir='ltr'>tanto</span> <span class='ocrx_word' id='word_1_115' title='bbox 969 1716 1054 1782; x_wconf 88' lang='lat' dir='ltr'>hiatu</span> <span class='ocrx_word' id='word_1_116' title='bbox 1085 1714 1275 1798; x_wconf 80' lang='lat' dir='ltr'>proferuntur</span> 
     </span>
     <span class='ocr_line' id='line_1_16' title="bbox 166 1817 1279 1906; baseline 0.004 -26"><span class='ocrx_word' id='word_1_117' title='bbox 166 1818 277 1900; x_wconf 90' lang='lat' dir='ltr'>quanto</span> <span class='ocrx_word' id='word_1_118' title='bbox 309 1817 421 1900; x_wconf 87' lang='lat' dir='ltr'>posteri</span> <span class='ocrx_word' id='word_1_119' title='bbox 451 1819 623 1904; x_wconf 91' lang='lat' dir='ltr'>philosophi</span> <span class='ocrx_word' id='word_1_120' title='bbox 652 1838 678 1885; x_wconf 89' lang='lat' dir='ltr'>a.</span> <span class='ocrx_word' id='word_1_121' title='bbox 707 1837 737 1906; x_wconf 83' lang='lat' dir='ltr'>g.</span> <span class='ocrx_word' id='word_1_122' title='bbox 766 1817 860 1884; x_wconf 84' lang='lat' dir='ltr'>Stoici</span> <span class='ocrx_word' id='word_1_123' title='bbox 870 1819 897 1902; x_wconf 78' lang='lat'>⁶)</span> <span class='ocrx_word' id='word_1_124' title='bbox 924 1819 957 1885; x_wconf 91' lang='lat' dir='ltr'>in</span> <span class='ocrx_word' id='word_1_125' title='bbox 983 1820 1047 1885; x_wconf 91' lang='lat' dir='ltr'>eius</span> <span class='ocrx_word' id='word_1_126' title='bbox 1077 1819 1159 1884; x_wconf 89' lang='lat' dir='ltr'>modi</span> <span class='ocrx_word' id='word_1_127' title='bbox 1190 1819 1279 1904; x_wconf 89' lang='lat' dir='ltr'>nugis</span> 
     </span>
     <span class='ocr_line' id='line_1_17' title="bbox 165 1921 1277 2008; baseline 0.003 -23"><span class='ocrx_word' id='word_1_128' title='bbox 165 1921 278 1986; x_wconf 87' lang='lat' dir='ltr'>versari</span> <span class='ocrx_word' id='word_1_129' title='bbox 306 1921 460 2002; x_wconf 84' lang='lat' dir='ltr'>solebant,</span> <span class='ocrx_word' id='word_1_130' title='bbox 488 1926 610 2008; x_wconf 89' lang='lat' dir='ltr'>propter</span> <span class='ocrx_word' id='word_1_131' title='bbox 638 1921 670 1989; x_wconf 91' lang='lat' dir='ltr'>id</span> <span class='ocrx_word' id='word_1_132' title='bbox 697 1923 799 2008; x_wconf 90' lang='lat' dir='ltr'>ipsum</span> <span class='ocrx_word' id='word_1_133' title='bbox 828 1923 980 1989; x_wconf 91' lang='lat' dir='ltr'>neminem</span> <span class='ocrx_word' id='word_1_134' title='bbox 1008 1923 1138 2008; x_wconf 86' lang='lat' dir='ltr'>effugere</span> <span class='ocrx_word' id='word_1_135' title='bbox 1162 1925 1277 2006; x_wconf 85' lang='lat' dir='ltr'>potest,</span> 
     </span>
     <span class='ocr_line' id='line_1_18' title="bbox 165 2024 1279 2112; baseline 0.003 -23"><span class='ocrx_word' id='word_1_136' title='bbox 165 2024 245 2108; x_wconf 90' lang='lat' dir='ltr'>quod</span> <span class='ocrx_word' id='word_1_137' title='bbox 265 2024 456 2092; x_wconf 87' lang='lat' dir='ltr'>hemistichia</span> <span class='ocrx_word' id='word_1_138' title='bbox 477 2027 569 2093; x_wconf 92' lang='lat' dir='ltr'>allata</span> <span class='ocrx_word' id='word_1_139' title='bbox 591 2027 670 2110; x_wconf 91' lang='lat' dir='ltr'>apud</span> <span class='ocrx_word' id='word_1_140' title='bbox 691 2028 861 2093; x_wconf 90' lang='lat' dir='ltr'>Homerum</span> <span class='ocrx_word' id='word_1_141' title='bbox 881 2045 1030 2112; x_wconf 89' lang='lat' dir='ltr'>nusquam</span> <span class='ocrx_word' id='word_1_142' title='bbox 1052 2028 1202 2112; x_wconf 82' lang='lat' dir='ltr'>leguntur,</span> <span class='ocrx_word' id='word_1_143' title='bbox 1225 2024 1279 2092; x_wconf 89' lang='lat' dir='ltr'>sed</span> 
     </span>
     <span class='ocr_line' id='line_1_19' title="bbox 165 2128 1278 2215; baseline 0.003 -22"><span class='ocrx_word' id='word_1_144' title='bbox 165 2128 204 2193; x_wconf 90' lang='lat' dir='ltr'>ad</span> <span class='ocrx_word' id='word_1_145' title='bbox 232 2131 420 2212; x_wconf 85' lang='lat' dir='ltr'>praesentem</span> <span class='ocrx_word' id='word_1_146' title='bbox 442 2150 531 2196; x_wconf 93' lang='lat' dir='ltr'>usum</span> <span class='ocrx_word' id='word_1_147' title='bbox 559 2130 696 2197; x_wconf 90' lang='lat' dir='ltr'>celeriter</span> <span class='ocrx_word' id='word_1_148' title='bbox 724 2139 880 2215; x_wconf 90' lang='lat' dir='ltr'>tamqnam</span> <span class='ocrx_word' id='word_1_149' title='bbox 908 2131 1037 2198; x_wconf 87' lang='lat' dir='ltr'>frustula</span> <span class='ocrx_word' id='word_1_150' title='bbox 1067 2149 1102 2196; x_wconf 85' lang='lat' dir='ltr'>ex</span> <span class='ocrx_word' id='word_1_151' title='bbox 1130 2131 1278 2197; x_wconf 89' lang='lat' dir='ltr'>memoria</span> 
     </span>
     <span class='ocr_line' id='line_1_20' title="bbox 166 2231 429 2319; baseline 0 -21"><span class='ocrx_word' id='word_1_152' title='bbox 166 2231 292 2298; x_wconf 86' lang='lat' dir='ltr'>collecta</span> <span class='ocrx_word' id='word_1_153' title='bbox 313 2234 392 2299; x_wconf 89' lang='lat' dir='ltr'>sunt.</span> <span class='ocrx_word' id='word_1_154' title='bbox 415 2231 429 2319; x_wconf 91' lang='lat'><em>)</em></span> 
     </span>
    </p>

    <p class='ocr_par' dir='ltr' id='par_1_5' title="bbox 163 2332 1331 3251">
     <span class='ocr_line' id='line_1_21' title="bbox 267 2332 1278 2418; baseline -0.001 -18"><span class='ocrx_word' id='word_1_155' title='bbox 267 2333 327 2402; x_wconf 83' lang='lat' dir='ltr'>Sed</span> <span class='ocrx_word' id='word_1_156' title='bbox 348 2355 407 2402; x_wconf 93' lang='lat' dir='ltr'>non</span> <span class='ocrx_word' id='word_1_157' title='bbox 430 2335 529 2401; x_wconf 89' lang='lat' dir='ltr'>solum</span> <span class='ocrx_word' id='word_1_158' title='bbox 555 2354 709 2401; x_wconf 90' lang='lat' dir='ltr'>sermones</span> <span class='ocrx_word' id='word_1_159' title='bbox 738 2333 770 2402; x_wconf 88' lang='lat' dir='ltr'>iu</span> <span class='ocrx_word' id='word_1_160' title='bbox 799 2333 919 2401; x_wconf 88' lang='lat' dir='ltr'>circulis</span> <span class='ocrx_word' id='word_1_161' title='bbox 948 2332 1045 2400; x_wconf 90' lang='lat' dir='ltr'>habiti</span> <span class='ocrx_word' id='word_1_162' title='bbox 1075 2334 1193 2418; x_wconf 80' lang='lat' dir='ltr'>lepore,</span> <span class='ocrx_word' id='word_1_163' title='bbox 1226 2333 1278 2417; x_wconf 89' lang='lat' dir='ltr'>qui</span> 
     </span>
     <span class='ocr_line' id='line_1_22' title="bbox 165 2437 1278 2525; baseline -0.001 -21"><span class='ocrx_word' id='word_1_164' title='bbox 165 2437 245 2525; x_wconf 89' lang='lat' dir='ltr'>inest</span> <span class='ocrx_word' id='word_1_165' title='bbox 265 2439 297 2504; x_wconf 90' lang='lat' dir='ltr'>in</span> <span class='ocrx_word' id='word_1_166' title='bbox 318 2439 373 2506; x_wconf 88' lang='lat' dir='ltr'>tali</span> <span class='ocrx_word' id='word_1_167' title='bbox 394 2458 496 2506; x_wconf 90' lang='lat' dir='ltr'>rerum</span> <span class='ocrx_word' id='word_1_168' title='bbox 517 2440 748 2507; x_wconf 87' lang='lat' dir='ltr'>Homoricamm</span> <span class='ocrx_word' id='word_1_169' title='bbox 772 2439 986 2518; x_wconf 78' lang='lat' dir='ltr'>recordatione,</span> <span class='ocrx_word' id='word_1_170' title='bbox 1008 2439 1107 2504; x_wconf 88' lang='lat' dir='ltr'>ornati</span> <span class='ocrx_word' id='word_1_171' title='bbox 1130 2437 1278 2516; x_wconf 71' lang='lat' dir='ltr'>suntsed</span> 
     </span>
     <span class='ocr_line' id='line_1_23' title="bbox 166 2541 1278 2630; baseline -0.002 -22"><span class='ocrx_word' id='word_1_172' title='bbox 166 2542 258 2608; x_wconf 87' lang='lat' dir='ltr'>etiam</span> <span class='ocrx_word' id='word_1_173' title='bbox 286 2543 319 2610; x_wconf 94' lang='lat' dir='ltr'>in</span> <span class='ocrx_word' id='word_1_174' title='bbox 345 2563 453 2630; x_wconf 84' lang='lat' dir='ltr'>genere</span> <span class='ocrx_word' id='word_1_175' title='bbox 483 2543 603 2610; x_wconf 89' lang='lat' dir='ltr'>dicendi</span> <span class='ocrx_word' id='word_1_176' title='bbox 633 2542 757 2610; x_wconf 89' lang='lat' dir='ltr'>sublimi</span> <span class='ocrx_word' id='word_1_177' title='bbox 784 2545 815 2610; x_wconf 91' lang='lat' dir='ltr'>et</span> <span class='ocrx_word' id='word_1_178' title='bbox 836 2543 921 2629; x_wconf 81' lang='lat' dir='ltr'>gravi</span> <span class='ocrx_word' id='word_1_179' title='bbox 942 2541 1070 2608; x_wconf 89' lang='lat' dir='ltr'>Homeri</span> <span class='ocrx_word' id='word_1_180' title='bbox 1092 2541 1278 2607; x_wconf 91' lang='lat' dir='ltr'>mentionem</span> 
     </span>
     <span class='ocr_line' id='line_1_24' title="bbox 164 2645 1331 2733; baseline -0.003 -20"><span class='ocrx_word' id='word_1_181' title='bbox 164 2645 275 2713; x_wconf 82' lang='lat' dir='ltr'>inferre</span> <span class='ocrx_word' id='word_1_182' title='bbox 304 2665 364 2712; x_wconf 92' lang='lat' dir='ltr'>non</span> <span class='ocrx_word' id='word_1_183' title='bbox 393 2646 552 2714; x_wconf 86' lang='lat' dir='ltr'>dubitavit.</span> <span class='ocrx_word' id='word_1_184' title='bbox 603 2646 772 2713; x_wconf 89' lang='lat' dir='ltr'>Identidem</span> <span class='ocrx_word' id='word_1_185' title='bbox 802 2646 896 2733; x_wconf 82' lang='lat' dir='ltr'>igitur</span> <span class='ocrx_word' id='word_1_186' title='bbox 923 2646 997 2712; x_wconf 89' lang='lat' dir='ltr'>talia</span> <span class='ocrx_word' id='word_1_187' title='bbox 1029 2646 1060 2711; x_wconf 90' lang='lat' dir='ltr'>in</span> <span class='ocrx_word' id='word_1_188' title='bbox 1095 2645 1279 2711; x_wconf 87' lang='lat' dir='ltr'>orationibus</span> <span class='ocrx_word' id='word_1_189' title='bbox 1328 2662 1331 2666; x_wconf 87' lang='lat'>·</span> 
     </span>
     <span class='ocr_line' id='line_1_25' title="bbox 165 2748 1278 2835; baseline -0.001 -20"><span class='ocrx_word' id='word_1_190' title='bbox 165 2750 334 2816; x_wconf 90' lang='lat' dir='ltr'>occurrunt.</span> <span class='ocrx_word' id='word_1_191' title='bbox 378 2749 577 2834; x_wconf 89' lang='lat' dir='ltr'>Perspectum</span> <span class='ocrx_word' id='word_1_192' title='bbox 599 2750 681 2816; x_wconf 91' lang='lat' dir='ltr'>enim</span> <span class='ocrx_word' id='word_1_193' title='bbox 702 2748 833 2816; x_wconf 89' lang='lat' dir='ltr'>habebat</span> <span class='ocrx_word' id='word_1_194' title='bbox 852 2750 1031 2835; x_wconf 84' lang='lat' dir='ltr'>Xenophon,</span> <span class='ocrx_word' id='word_1_195' title='bbox 1052 2767 1143 2833; x_wconf 91' lang='lat' dir='ltr'>quam</span> <span class='ocrx_word' id='word_1_196' title='bbox 1158 2767 1278 2815; x_wconf 90' lang='lat' dir='ltr'>accom-</span> 
     </span>
     <span class='ocr_line' id='line_1_26' title="bbox 163 2851 1278 2939; baseline -0.003 -19"><span class='ocrx_word' id='word_1_197' title='bbox 163 2852 321 2921; x_wconf 86' lang='lat' dir='ltr'>modatum</span> <span class='ocrx_word' id='word_1_198' title='bbox 343 2857 423 2920; x_wconf 86' lang='lat' dir='ltr'>esset</span> <span class='ocrx_word' id='word_1_199' title='bbox 445 2855 482 2920; x_wconf 90' lang='lat' dir='ltr'>ad</span> <span class='ocrx_word' id='word_1_200' title='bbox 496 2853 746 2939; x_wconf 82' lang='lat' dir='ltr'>persuadendum,</span> <span class='ocrx_word' id='word_1_201' title='bbox 762 2856 874 2937; x_wconf 88' lang='lat' dir='ltr'>quanta</span> <span class='ocrx_word' id='word_1_202' title='bbox 888 2852 1074 2919; x_wconf 88' lang='lat' dir='ltr'>iucunditate</span> <span class='ocrx_word' id='word_1_203' title='bbox 1088 2851 1278 2919; x_wconf 85' lang='lat' dir='ltr'>afficerentur</span> 
     </span>
     <span class='ocr_line' id='line_1_27' title="bbox 165 2955 1275 3042; baseline -0.004 -17"><span class='ocrx_word' id='word_1_204' title='bbox 165 2959 259 3026; x_wconf 90' lang='lat' dir='ltr'>animi</span> <span class='ocrx_word' id='word_1_205' title='bbox 281 2958 476 3039; x_wconf 85' lang='lat' dir='ltr'>audientium,</span> <span class='ocrx_word' id='word_1_206' title='bbox 500 2958 526 3024; x_wconf 93' lang='lat' dir='ltr'>si</span> <span class='ocrx_word' id='word_1_207' title='bbox 548 2961 648 3024; x_wconf 88' lang='lat' dir='ltr'>orator</span> <span class='ocrx_word' id='word_1_208' title='bbox 669 2959 858 3042; x_wconf 88' lang='lat' dir='ltr'>praesentem</span> <span class='ocrx_word' id='word_1_209' title='bbox 880 2976 981 3023; x_wconf 92' lang='lat' dir='ltr'>rerum</span> <span class='ocrx_word' id='word_1_210' title='bbox 997 2957 1111 3022; x_wconf 89' lang='lat' dir='ltr'>statum</span> <span class='ocrx_word' id='word_1_211' title='bbox 1125 2955 1275 3042; x_wconf 84' lang='lat' dir='ltr'>tangendo</span> 
     </span>
     <span class='ocr_line' id='line_1_28' title="bbox 164 3051 1275 3149; baseline -0.005 -18"><span class='ocrx_word' id='word_1_212' title='bbox 164 3063 287 3149; x_wconf 87' lang='lat' dir='ltr'>aliquod</span> <span class='ocrx_word' id='word_1_213' title='bbox 306 3063 505 3130; x_wconf 90' lang='lat' dir='ltr'>Homericum</span> <span class='ocrx_word' id='word_1_214' title='bbox 526 3063 717 3148; x_wconf 89' lang='lat' dir='ltr'>praeclarum</span> <span class='ocrx_word' id='word_1_215' title='bbox 739 3060 911 3146; x_wconf 85' lang='lat' dir='ltr'>exemplum</span> <span class='ocrx_word' id='word_1_216' title='bbox 932 3051 1108 3126; x_wconf 81' lang='lat' dir='ltr'>illustraret.</span> <span class='ocrx_word' id='word_1_217' title='bbox 1153 3057 1275 3144; x_wconf 90' lang='lat' dir='ltr'>Optime</span> 
     </span>
     <span class='ocr_line' id='line_1_29' title="bbox 163 3162 1276 3251; baseline -0.006 -16"><span class='ocrx_word' id='word_1_218' title='bbox 163 3167 238 3235; x_wconf 88' lang='lat' dir='ltr'>haec</span> <span class='ocrx_word' id='word_1_219' title='bbox 259 3186 307 3234; x_wconf 89' lang='lat' dir='ltr'>res</span> <span class='ocrx_word' id='word_1_220' title='bbox 328 3167 459 3251; x_wconf 91' lang='lat' dir='ltr'>perspici</span> <span class='ocrx_word' id='word_1_221' title='bbox 479 3167 581 3251; x_wconf 91' lang='lat' dir='ltr'>potest</span> <span class='ocrx_word' id='word_1_222' title='bbox 602 3183 637 3230; x_wconf 84' lang='lat' dir='ltr'>ex</span> <span class='ocrx_word' id='word_1_223' title='bbox 659 3164 812 3231; x_wconf 89' lang='lat' dir='ltr'>nonnullis</span> <span class='ocrx_word' id='word_1_224' title='bbox 834 3163 1038 3244; x_wconf 86' lang='lat' dir='ltr'>orationihus,</span> <span class='ocrx_word' id='word_1_225' title='bbox 1071 3181 1144 3248; x_wconf 86' lang='lat' dir='ltr'>quas</span> <span class='ocrx_word' id='word_1_226' title='bbox 1174 3162 1276 3229; x_wconf 89' lang='lat' dir='ltr'>Xeno-</span> 
     </span>
    </p>
   </div>
   <div class='ocr_carea' id='block_1_5' title="bbox 163 3299 1278 3498">
    <p class='ocr_par' dir='ltr' id='par_1_6' title="bbox 163 3299 1278 3498">
     <span class='ocr_line' id='line_1_30' title="bbox 164 3299 1278 3393; baseline -0.002 -15"><span class='ocrx_word' id='word_1_227' title='bbox 164 3299 342 3384; x_wconf 70' lang='grc' dir='ltr'>σπουδάζων</span> <span class='ocrx_word' id='word_1_228' title='bbox 364 3321 533 3393; x_wconf 81' lang='lat' dir='ltr'>exoogitavit,</span> <span class='ocrx_word' id='word_1_229' title='bbox 550 3325 583 3379; x_wconf 91' lang='lat' dir='ltr'>nt</span> <span class='ocrx_word' id='word_1_230' title='bbox 600 3323 622 3389; x_wconf 93' lang='lat'>1,</span> <span class='ocrx_word' id='word_1_231' title='bbox 640 3319 682 3386; x_wconf 66' lang='lat' dir='ltr'>Hi</span> <span class='ocrx_word' id='word_1_232' title='bbox 700 3324 729 3378; x_wconf 94' lang='lat' dir='ltr'>et</span> <span class='ocrx_word' id='word_1_233' title='bbox 741 3338 830 3379; x_wconf 85' lang='lat' dir='ltr'>veram</span> <span class='ocrx_word' id='word_1_234' title='bbox 842 3324 870 3379; x_wconf 89' lang='lat' dir='ltr'>et</span> <span class='ocrx_word' id='word_1_235' title='bbox 883 3338 978 3379; x_wconf 84' lang='lat' dir='ltr'>novum</span> <span class='ocrx_word' id='word_1_236' title='bbox 990 3318 1099 3378; x_wconf 86' lang='lat' dir='ltr'>Homeri</span> <span class='ocrx_word' id='word_1_237' title='bbox 1115 3317 1278 3378; x_wconf 87' lang='lat' dir='ltr'>sententium</span> 
     </span>
     <span class='ocr_line' id='line_1_31' title="bbox 163 3405 1277 3498; baseline -0.003 -15"><span class='ocrx_word' id='word_1_238' title='bbox 163 3425 263 3483; x_wconf 85' lang='lat' dir='ltr'>eruisse</span> <span class='ocrx_word' id='word_1_239' title='bbox 285 3424 338 3481; x_wconf 87' lang='lat' dir='ltr'>sibi</span> <span class='ocrx_word' id='word_1_240' title='bbox 360 3425 465 3482; x_wconf 79' lang='lat' dir='ltr'>ridetur</span> <span class='ocrx_word' id='word_1_241' title='bbox 482 3405 620 3496; x_wconf 68' lang='lat' dir='ltr'>(stechen</span> <span class='ocrx_word' id='word_1_242' title='bbox 642 3407 676 3477; x_wconf 80' lang='grc' dir='ltr'>δὲ</span> <span class='ocrx_word' id='word_1_243' title='bbox 698 3405 757 3497; x_wconf 69' lang='grc' dir='ltr'>ἔφη</span> <span class='ocrx_word' id='word_1_244' title='bbox 780 3407 1012 3498; x_wconf 55' lang='grc' dir='ltr'>ἐπισκόπων).</span> <span class='ocrx_word' id='word_1_245' title='bbox 1049 3425 1085 3482; x_wconf 84' lang='lat' dir='ltr'>llt</span> <span class='ocrx_word' id='word_1_246' title='bbox 1108 3441 1169 3482; x_wconf 85' lang='lat' dir='ltr'>vero</span> <span class='ocrx_word' id='word_1_247' title='bbox 1191 3425 1277 3481; x_wconf 92' lang='lat' dir='ltr'>multo</span> 
     </span>
    </p>
   </div>
   <div class='ocr_carea' id='block_1_6' title="bbox 163 3514 1278 3692">
    <p class='ocr_par' dir='ltr' id='par_1_7' title="bbox 163 3514 1278 3692">
     <span class='ocr_line' id='line_1_32' title="bbox 164 3514 1278 3603; baseline -0.002 -15"><span class='ocrx_word' id='word_1_248' title='bbox 164 3530 252 3603; x_wconf 84' lang='lat' dir='ltr'>aptius</span> <span class='ocrx_word' id='word_1_249' title='bbox 276 3531 330 3586; x_wconf 90' lang='lat' dir='ltr'>toti</span> <span class='ocrx_word' id='word_1_250' title='bbox 353 3531 415 3588; x_wconf 88' lang='lat' dir='ltr'>huio</span> <span class='ocrx_word' id='word_1_251' title='bbox 437 3531 536 3588; x_wconf 88' lang='lat' dir='ltr'>rationi</span> <span class='ocrx_word' id='word_1_252' title='bbox 559 3533 610 3597; x_wconf 78' lang='lat' dir='ltr'>eet,</span> <span class='ocrx_word' id='word_1_253' title='bbox 634 3530 659 3585; x_wconf 91' lang='lat' dir='ltr'>si</span> <span class='ocrx_word' id='word_1_254' title='bbox 681 3545 781 3602; x_wconf 78' lang='lat' dir='ltr'>magne</span> <span class='ocrx_word' id='word_1_255' title='bbox 803 3545 864 3586; x_wconf 91' lang='lat' dir='ltr'>cnm</span> <span class='ocrx_word' id='word_1_256' title='bbox 880 3528 978 3587; x_wconf 82' lang='lat' dir='ltr'>fiducia</span> <span class='ocrx_word' id='word_1_257' title='bbox 996 3514 1191 3601; x_wconf 77' lang='grc' dir='ltr'>(πέπεισμαι)</span> <span class='ocrx_word' id='word_1_258' title='bbox 1209 3530 1278 3586; x_wconf 88' lang='lat' dir='ltr'>hano</span> 
     </span>
     <span class='ocr_line' id='line_1_33' title="bbox 163 3614 741 3692; baseline 0 -18"><span class='ocrx_word' id='word_1_259' title='bbox 163 3614 349 3691; x_wconf 80' lang='lat' dir='ltr'>necopinatam</span> <span class='ocrx_word' id='word_1_260' title='bbox 365 3618 615 3692; x_wconf 82' lang='lat' dir='ltr'>interpretationem</span> <span class='ocrx_word' id='word_1_261' title='bbox 631 3616 741 3690; x_wconf 86' lang='lat' dir='ltr'>profert.</span> 
     </span>
    </p>
   </div>
   <div class='ocr_carea' id='block_1_7' title="bbox 205 3708 980 4240">
    <p class='ocr_par' dir='ltr' id='par_1_8' title="bbox 205 3708 980 4240">
     <span class='ocr_line' id='line_1_34' title="bbox 268 3708 690 3787; baseline -0.019 0"><span class='ocrx_word' id='word_1_262' title='bbox 268 3722 290 3787; x_wconf 79' lang='lat'>¹)</span> <span class='ocrx_word' id='word_1_263' title='bbox 308 3708 325 3774; x_wconf 91' lang='grc' dir='ltr'>Ι</span> <span class='ocrx_word' id='word_1_264' title='bbox 346 3722 483 3780; x_wconf 82' lang='lat' dir='ltr'>naa-au</span> <span class='ocrx_word' id='word_1_265' title='bbox 499 3723 527 3779; x_wconf 73' lang='lat' dir='ltr'>a</span> <span class='ocrx_word' id='word_1_266' title='bbox 544 3721 690 3779; x_wconf 77' lang='lat' dir='ltr'>aer-es.</span> 
     </span>
     <span class='ocr_line' id='line_1_35' title="bbox 266 3795 671 3876; baseline -0.012 -11"><span class='ocrx_word' id='word_1_267' title='bbox 266 3807 530 3876; x_wconf 66' lang='lat' dir='ltr'>’iconv.111,1,4.</span> <span class='ocrx_word' id='word_1_268' title='bbox 565 3795 671 3863; x_wconf 85' lang='lat' dir='ltr'>rrae.</span> 
     </span>
     <span class='ocr_line' id='line_1_36' title="bbox 205 3893 514 3967; baseline -0.003 -15"><span class='ocrx_word' id='word_1_269' title='bbox 205 3907 206 3910; x_wconf 74' lang='grc'>’</span> <span class='ocrx_word' id='word_1_270' title='bbox 265 3893 288 3967; x_wconf 77' lang='lat'>⁸)</span> <span class='ocrx_word' id='word_1_271' title='bbox 306 3895 388 3952; x_wconf 80' lang='lat' dir='ltr'>Gonu.</span> <span class='ocrx_word' id='word_1_272' title='bbox 406 3895 454 3962; x_wconf 86' lang='lat' dir='ltr'>IV,</span> <span class='ocrx_word' id='word_1_273' title='bbox 472 3895 514 3952; x_wconf 79' lang='grc'>20.</span> 
     </span>
     <span class='ocr_line' id='line_1_37' title="bbox 266 3961 733 4061; baseline -0.004 -21"><span class='ocrx_word' id='word_1_274' title='bbox 266 3978 389 4053; x_wconf 70' lang='lat' dir='ltr'>ocem.</span> <span class='ocrx_word' id='word_1_275' title='bbox 409 3977 546 4049; x_wconf 83' lang='lat' dir='ltr'>mmor.</span> <span class='ocrx_word' id='word_1_276' title='bbox 580 3961 671 4038; x_wconf 58' lang='lat' dir='ltr'>aas.</span> <span class='ocrx_word' id='word_1_277' title='bbox 730 4055 733 4061; x_wconf 84' lang='lat'>.</span> 
     </span>
     <span class='ocr_line' id='line_1_38' title="bbox 266 4063 980 4143; baseline -0.007 -13"><span class='ocrx_word' id='word_1_278' title='bbox 266 4068 288 4143; x_wconf 79' lang='lat'>⁶)</span> <span class='ocrx_word' id='word_1_279' title='bbox 307 4069 341 4130; x_wconf 77' lang='lat' dir='ltr'>ct</span> <span class='ocrx_word' id='word_1_280' title='bbox 360 4069 416 4128; x_wconf 82' lang='lat' dir='ltr'>(lio.</span> <span class='ocrx_word' id='word_1_281' title='bbox 434 4069 467 4129; x_wconf 79' lang='lat' dir='ltr'>(lo</span> <span class='ocrx_word' id='word_1_282' title='bbox 484 4071 541 4130; x_wconf 79' lang='lat' dir='ltr'>nat.</span> <span class='ocrx_word' id='word_1_283' title='bbox 559 4068 630 4128; x_wconf 84' lang='lat' dir='ltr'>door.</span> <span class='ocrx_word' id='word_1_284' title='bbox 647 4065 685 4139; x_wconf 78' lang='lat'>11.</span> <span class='ocrx_word' id='word_1_285' title='bbox 702 4065 789 4138; x_wconf 59' lang='lat' dir='ltr'>dadi.</span> <span class='ocrx_word' id='word_1_286' title='bbox 823 4063 875 4138; x_wconf 81' lang='grc' dir='ltr'><strong>ΙΙΙ,</strong></span> <span class='ocrx_word' id='word_1_287' title='bbox 893 4065 980 4138; x_wconf 69' lang='grc'><strong>24,62.</strong></span> 
     </span>
     <span class='ocr_line' id='line_1_39' title="bbox 267 4155 633 4240; baseline -0.005 -22"><span class='ocrx_word' id='word_1_288' title='bbox 267 4155 633 4240; x_wconf 67' lang='lat' dir='ltr'>stercorariam·</span> 
     </span>
    </p>
   </div>
   <div class='ocr_carea' id='block_1_8' title="bbox 0 0 1468 4580">
    <p class='ocr_par' dir='ltr' id='par_1_9' title="bbox 0 0 1468 4580">
     <span class='ocr_line' id='line_1_40' title="bbox 0 0 1468 4580; baseline 0 1"><span class='ocrx_word' id='word_1_289' title='bbox 0 0 1468 4580; x_wconf 95' lang='lat' dir='ltr'> </span> 
     </span>
    </p>
   </div>
  </div>
 </body>
</html>
