2928 4580
224 285 267 356 20

222 475 410 558 Quamquam
423 475 587 560 Xenophon
599 475 739 539 historiae
753 475 933 540 Graecorum
949 474 1143 539 illustrandae
1155 481 1185 537 et
1196 473 1326 538 conscri-

221 579 335 644 bendae
363 598 482 663 operam
511 577 608 658 dedit,
639 581 740 643 tamen
770 583 869 641 utrum
901 578 1118 664 antiquissimis
1151 577 1262 641 fabulis
1291 595 1326 640 ao

220 683 377 768 praecipue
399 683 576 746 Homericae
598 680 634 745 de
656 681 735 746 bello
758 681 886 745 Troiano
902 683 932 745 et
947 681 1043 746 Ulixis
1059 681 1207 745 erroribus
1223 698 1325 744 narra-

221 787 294 851 tioni
322 787 412 850 fidem
442 787 577 850 habuerit
606 804 644 849 au
672 806 722 870 pro
752 784 853 848 fabula
882 787 1030 869 acceperit
1050 785 1198 869 nusquam
1221 791 1322 868 aperte

218 889 361 955 indicavit
388 908 483 974 neque
513 890 600 954 sicuti
630 889 818 973 Thucydides
849 889 989 954 historiae
1019 907 1090 954 suae
1122 890 1158 954 de
1188 888 1324 974 pristinis

217 993 401 1079 temporibus
424 993 636 1078 praefationem
659 993 823 1078 praemisit,
847 993 898 1056 sed
920 1012 973 1077 per
994 1012 1026 1057 se
1052 992 1206 1077 probabile
1235 991 1321 1057 ride-

216 1099 274 1177 tur,
297 1097 503 1182 Xenophontis
525 1097 561 1161 de
583 1098 630 1161 his
653 1097 740 1161 rebus
762 1097 940 1160 senteutiam
968 1096 1115 1161 Herodoti
1145 1096 1322 1162 similiorem

216 1200 307 1266 fuisse
329 1219 418 1285 quam
443 1201 633 1284 Thucydidis,
647 1201 672 1283 ¹)
717 1201 761 1263 Ac
783 1219 885 1265 revere
908 1200 1023 1265 duobus
1045 1200 1120 1265 loeis
1136 1200 1319 1265 Graecorum

215 1306 319 1368 eontra
347 1303 492 1368 Troianos
521 1303 717 1388 expeditionis
746 1306 790 1367 ita
818 1305 851 1368 fit
882 1303 1047 1388 mentio‚²)
1075 1306 1109 1368 ut
1138 1304 1322 1388 comparatio

214 1408 287 1473 belli
308 1408 430 1472 Troiani
451 1425 520 1471 curu
543 1408 759 1480 simultatibus,
793 1427 868 1492 quae
890 1408 1053 1493 posteriore
1076 1409 1173 1472 aetate
1197 1407 1321 1472 Graecis

215 1531 283 1578 cum
305 1512 438 1577 barbaris
460 1511 692 1588 intercedebant,
715 1515 875 1576 manitesta
900 1513 949 1576 sit.
1001 1510 1067 1591 Qua
1095 1531 1130 1576 er
1157 1530 1189 1576 re
1217 1511 1320 1576 Xeno-

213 1615 354 1702 phontem
377 1613 554 1679 adeundam
571 1615 759 1692 seutentiam,
776 1633 834 1698 qua
849 1615 1031 1698 Isocratem)
1047 1614 1196 1694 utebatur,
1216 1633 1318 1680 acces-

212 1721 286 1786 sisse
309 1718 484 1784 concludere
506 1719 587 1784 licet.
631 1717 820 1803 Quamquam
844 1719 938 1784 semel
968 1717 1075 1805 Cyrop.
1098 1719 1151 1799 IV,
1167 1717 1252 1799 3‚17‚
1267 1719 1320 1784 ubi

211 1823 520 1910 Hippocentaurorum
559 1821 787 1888 similitudinem
824 1821 952 1908 allegat,
986 1822 1087 1888 addito
1121 1820 1148 1888 ct
1181 1821 1317 1909 ἐγένοντο

212 1926 428 1992 dubitationem
450 1925 639 2010 significavit.

310 2131 403 2198 Porro
425 2133 520 2198 exstat
542 2149 609 2195 meo
633 2129 753 2215 quidem
776 2129 886 2197 iudicio
901 2127 1119 2210 testimonium,
1137 2147 1194 2215 quo
1213 2128 1316 2195 Xeno·

208 2235 351 2322 phontem
374 2239 490 2322 praeter
510 2236 637 2300 iliadem
660 2237 691 2298 et
713 2234 876 2317 Odysseam
893 2233 1010 2298 nullum
1026 2251 1146 2298 carmen
1162 2251 1197 2298 ex
1212 2252 1316 2298 eorum

207 2359 345 2418 numero,
374 2359 449 2424 quae
478 2339 605 2403 Homeri
634 2341 754 2404 nomine
782 2338 1081 2415 circumferebantur,
1116 2339 1144 2402 ei
1173 2338 1316 2404 tribuisse

206 2446 338 2527 apparet.
382 2443 467 2507 Facit
489 2443 568 2506 euim
591 2441 767 2506 Niceratum
791 2443 833 2508 sio
850 2442 1072 2527 praedicantem
1088 2441 1183 2506 Gonu.
1203 2443 1260 2520 ΠΙ,
1278 2444 1314 2506 5:

206 2541 220 2610 ὃ
244 2543 346 2632 πατὴρ
369 2543 602 2630 ἐπιμελούμενος
624 2542 706 2621 ὅπως
729 2543 804 2632 ἀνὴρ
831 2543 956 2630 ereata
985 2544 1126 2629 γενοίμην
1154 2541 1315 2630 ἠνάγκασέ

205 2669 244 2730 με
265 2645 370 2713 πάντα
391 2644 434 2712 τὰ
459 2642 599 2731 Ὁμήρου
623 2642 681 2731 ἔπη
705 2649 835 2730 μαῖνεῖν
857 2645 912 2712 καὶ
933 2649 984 2712 νῦν
1006 2646 1154 2732 δυναίμην
1181 2641 1219 2712 ἂν
1242 2643 1310 2712 ’Ilu-

205 2746 268 2814 οἰδα
288 2747 361 2836 ’ὁλην
382 2747 438 2815 καὶ
456 2746 637 2818 Ὀδύσσειαν
661 2745 722 2814 ἀπὸ
745 2748 901 2836 στόματος
930 2749 1032 2815 εἰπεῖν.
1083 2750 1193 2815 Omnia
1222 2751 1314 2835 igitur

204 2851 330 2917 Homeri
352 2853 485 2918 carmina
505 2872 536 2918 se
560 2853 698 2917 didicisse
721 2852 874 2938 gloriatur,
898 2857 987 2938 atque
1010 2871 1157 2937 quaenam
1180 2855 1314 2919 carmina

202 2956 368 3041 intellegat,
391 2957 472 3022 illico
494 2957 635 3034 declarat,
659 2975 727 3022 cum
750 2957 876 3022 Iliadem
899 2960 929 3022 et
953 2955 1118 3041 Odysseam
1140 2961 1311 3023 enumerat:

202 3079 272 3146 ergo
294 3060 437 3126 hocloco
460 3061 628 3125 Homerum
651 3062 709 3126 uisi
734 3061 838 3127 iliadis
867 3063 898 3126 et
928 3060 1079 3145 Odysseae
1105 3062 1218 3128 nullius
1245 3081 1312 3128 car·

201 3165 303 3248 minis
314 3171 467 3231 auctorem
489 3184 554 3230 esse
578 3166 755 3232 affirmatur.
801 3165 941 3230 Cetemm
955 3165 1044 3230 Plato
1060 3184 1177 3249 quoque
1191 3170 1311 3250 praeter

199 3267 327 3336 Iliadem
350 3271 381 3334 et
402 3267 568 3353 Odysseam
591 3269 724 3335 Homero
748 3273 846 3336 cetera
868 3269 969 3334 omnia
991 3271 1126 3335 carmina
1154 3271 1309 3337 abiudica-

199 3373 254 3453 vit,
287 3391 362 3456 quae
395 3373 517 3456 quidem
549 3392 597 3438 res
624 3374 662 3438 ab
693 3373 803 3438 Heluio
834 3372 855 3436 l.
885 3372 906 3437 l.
936 3393 965 3455 p.
997 3373 1143 3439 m-aa
1170 3378 1310 3440 accuratu

199 3477 457 3562 argumentatione
478 3494 532 3559 pro
557 3478 637 3542 certo
660 3476 864 3541 demonstrata
886 3479 941 3542 est.
986 3474 1044 3540 Sed
1071 3477 1179 3560 quibus
1209 3477 1309 3544 causis

199 3584 368 3646 commotus
390 3579 505 3664 reliqua
526 3580 660 3646 carmina
682 3580 781 3645 aliena
803 3599 867 3646 esse
891 3581 928 3646 ab
950 3579 1083 3646 Homero
1098 3580 1305 3668 inhiaverant,

198 3699 253 3750 neo
274 3683 362 3750 Plato
384 3701 439 3749 neo
460 3683 628 3768 Xenophon
650 3685 795 3768 exposuit.

198 3841 396 3853 ——nnna—-otu-fl

299 3924 318 3988 ¹)
338 3926 446 3994 Dionys.
465 3922 551 3981 Helio.
569 3943 609 3995 ep,
627 3924 669 3984 ad.
688 3925 736 3982 (iu.
755 3924 847 3997 Pomp.
868 3923 915 3992 IV,
936 3928 958 3981 l.

297 4009 319 4081 ²)
338 4013 408 4066 Hist.
429 4015 473 4068 tir.
492 4014 542 4078 111,
561 4016 604 4076 4‚3
620 4019 648 4069 et
668 4016 726 4080 VH,
749 4016 815 4080 1‚34.
833 4044 869 4055 —
886 4014 1014 4086 Cyneget.
1032 4010 1303 4083 I‚17adderenolui.

195 4095 265 4172 quod
282 4097 453 4166 Brenueclrio,
472 4099 503 4156 de
522 4103 661 4157 authentia
678 4105 706 4157 et
723 4101 880 4173 integritate
898 4101 1024 4172 Gyncget
1044 4104 1120 4170 Xan„
1138 4105 1183 4176 qui
1200 4107 1302 4175 praefa-

193 4188 294 4245 tionem
310 4187 480 4258 Xenophonti
497 4188 640 4257 abiudioat,
659 4189 814 4262 adstipulor.

295 4275 318 4350 θ)
337 4275 466 4348 Panegpr.
488 4277 544 4334 159.
