2928 4580
167 209 211 296 id

245 463 248 475 .
268 407 426 479 Praeterea
446 407 534 480 affert
554 407 720 496 Xenophon
741 405 815 478 duos
837 405 1009 495 hpioharmi
1024 427 1136 484 remus.
1159 401 1266 492 quihus

169 515 305 584 homines
320 515 357 584 ad
372 517 602 602 temperantiam
619 519 649 582 et
662 512 870 602 strenuitatem
889 514 1077 582 adhortetur:
1100 506 1269 582 Commeat

169 621 209 704 11,
233 622 303 698 tat
326 630 473 710 μαρτυρεῖ
496 619 529 689 δὲ
550 619 606 690 καὶ
624 618 818 707 Ἐπίχαρμος
840 621 872 686 ἐν
892 623 989 708 τῷδε·

281 729 349 794 Τῶν
370 723 468 794 πόνον
490 727 639 793 πωλοῦσιν
664 721 738 810 ἡμῖν
764 720 869 792 πάντα
894 719 1052 811 τάγάλόἱ
1072 720 1150 792 teo.

169 825 226 899 καὶ
247 829 278 899 o
300 825 383 918 ἄλλῳ
406 826 440 895 δὲ
462 824 571 916 [τόπῳ]
595 827 694 914 φησίν·

272 917 322 1001 'o
353 931 474 1020 πονηρέ,
504 929 550 1018 μὴ
577 927 620 996 τὰ
648 925 780 1015 μαλακὰ
803 931 895 1015 μῶσο,
919 925 963 1014 μὴ
983 925 1026 996 τὰ
1049 924 1160 1015 σκλήρ’
1188 925 1273 1013 ἔχῃς.

170 1032 251 1113 Quos
272 1054 374 1102 versus
396 1037 555 1121 postquam
584 1034 836 1117 Veteranorum)
863 1033 1038 1100 subditioior
1066 1035 1097 1098 et
1125 1051 1143 1096 a
1170 1049 1275 1096 reeen-

168 1137 244 1204 tione
269 1138 422 1225 philologo
451 1140 483 1205 in
510 1139 646 1224 margine
678 1137 809 1202 adieetos
838 1156 903 1203 erse
920 1136 1097 1206 ,arbitratus
1125 1135 1181 1214 ert,
1211 1133 1276 1200 edi·

167 1241 268 1307 torum
296 1243 348 1308 alii
376 1243 446 1309 huio
472 1243 536 1310 viro
566 1241 738 1309 doctissimo
767 1241 880 1307 assensi
902 1242 981 1319 sunt,
1004 1236 1057 1307 alii
1077 1258 1181 1307 versus
1202 1237 1275 1304 reti-

167 1345 282 1411 nendos
310 1365 375 1413 esse
406 1349 593 1413 oensuemnt.
642 1345 858 1411 Verumtamen
889 1363 924 1410 ea
953 1346 1138 1430 argumenta,
1167 1341 1276 1427 quihus

168 1448 223 1514 hos
252 1469 356 1516 versus
384 1451 554 1535 suppositor
583 1469 648 1516 esse
678 1449 798 1517 student
825 1450 1044 1528 demonstrare,
1074 1469 1134 1515 non
1155 1448 1275 1514 tontum

169 1571 237 1624 meo
271 1554 392 1638 quidem
424 1554 534 1620 iudioio
564 1554 704 1638 ponderis
731 1553 855 1625 habent.
888 1556 923 1619 ut
951 1573 1002 1620 eos
1032 1574 1050 1618 a
1076 1553 1275 1635 Xenophonte

171 1656 336 1741 adsoriptos
358 1677 423 1724 esse
445 1677 599 1744 negemus.
644 1658 724 1724 Nam
746 1659 877 1743 primum
899 1659 1013 1725 nemini
1036 1657 1192 1725 offensioni
1210 1675 1275 1722 esse

166 1761 281 1848 potest,
318 1763 396 1845 quod
432 1761 470 1828 ad
506 1762 684 1828 sententiam
718 1763 970 1847 eomprobandam
1002 1783 1038 1828 ex
1070 1761 1276 1845 eompluribus

167 1865 265 1950 poetis
286 1869 462 1951 argumenta
483 1866 592 1949 repetit
614 1864 709 1952 (λέγει
729 1868 765 1934 δέ
784 1889 841 1933 που
863 1865 919 1933 καὶ
939 1863 1096 1949 Ἡσίοδος,
1127 1871 1192 1952 Tho
1221 1860 1276 1949 μὲν

164 1965 224 2057 γὰρ
251 1967 418 2057 κακότητα
445 1970 517 2035 aad·
548 1975 695 2055 μαρτυρεῖ
724 1967 757 2036 δὲ
785 1967 841 2037 καὶ
866 1967 1062 2057 Ἐπίχαρμος
1087 1968 1179 2054 aad),
1207 1966 1277 2050 quie

167 2072 336 2142 Comment.
357 2076 383 2152 Ι,
408 2075 482 2154 220
503 2075 579 2153 etl,
602 2074 761 2146 nee-58
783 2074 908 2141 eandem
929 2072 1158 2160 argumentandi
1177 2069 1287 2137 ratio?

166 2197 237 2244 nem
258 2179 401 2263 sequitur.
445 2177 560 2244 Deinde
582 2213 625 2228 -·
645 2177 677 2244 id
699 2179 777 2262 quod
800 2197 953 2244 summum
976 2181 1022 2244 est
1046 2215 1083 2226 -
1107 2177 1188 2242 oerto
1211 2174 1271 2240 soi-

167 2299 236 2347 mus
263 2281 478 2365 Itpiehanmum
499 2280 578 2364 apud
593 2280 760 2350 Sooratioos
775 2282 958 2365 permultum
975 2281 1115 2360 valuisse,
1131 2280 1273 2365 quoniam

167 2384 260 2451 etiam
280 2384 369 2450 Plato
390 2385 470 2452 hune
491 2387 611 2468 poetam
634 2386 761 2451 summis
782 2386 922 2453 laudibus
944 2385 1110 2452 oumulavit
1131 2385 1174 2450 sio
1189 2384 1271 2452 iudi·

168 2506 239 2554 eane
261 2487 383 2554 Thesei.
408 2487 469 2554 152
490 2487 516 2552 ΙΙ
536 2493 592 2554 καί
613 2488 682 2575 περὶ
702 2486 811 2557 τούτου
826 2487 942 2567 πάντες
957 2487 1029 2572 ἑξῆς
1044 2488 1072 2556 οἱ
1090 2488 1178 2576 σοφοί
1193 2540 1199 2554 .
1218 2539 1224 2554 .
1242 2539 1276 2570 .,

168 2588 224 2660 καὶ
245 2594 304 2657 τῶν
325 2594 457 2678 ποιητῶν
479 2589 507 2657 oi
536 2587 624 2678 ἄκροι
652 2594 709 2678 τῆς
737 2589 888 2678 ποιήσεως
916 2592 1083 2678 ἑκατέρας·
1111 2590 1278 2680 κωμῳδίας

128 2747 130 2752 ,
169 2691 224 2778 μὲν
249 2690 455 2779 Ἐπίχαρμος,
486 2692 660 2782 τραγῳδίας
689 2691 722 2759 δὲ
741 2692 921 2781 Ὅμηροςῦ)
945 2744 952 2759 .
977 2744 984 2758 .
1009 2694 1173 2759 ‚Ceterum
1195 2693 1275 2777 quod

168 2796 362 2878 Lorenzius³)
383 2795 415 2860 in
436 2796 536 2862 medio
557 2795 708 2880 relinquit.
730 2799 832 2863 utrum
858 2799 890 2865 hi
916 2817 1021 2864 versus
1045 2817 1080 2863 ex
1101 2797 1276 2879 ldpieharmi

166 2897 235 2985 περὶ
257 2896 375 2985 φύσεως
396 2901 538 2976 earmina,
562 2900 640 2985 quod
662 2901 699 2966 ab
720 2901 778 2967 hoo
799 2903 889 2985 poeta
911 2922 948 2968 ne
970 2901 1177 2985 philosophiae
1207 2900 1275 2985 qui-

167 3001 237 3067 dem
258 3003 377 3085 experte
400 3001 553 3068 eonditum
575 3023 640 3069 esse
662 3007 840 3089 suspioatur‚
866 3027 903 3072 ao
925 3025 961 3074 on
990 3006 1091 3090 atique
1121 3005 1275 3072 oomoedia

167 3104 255 3188 petiti
277 3105 347 3179 sint,
370 3105 508 3188 equidem
531 3125 582 3172 eos
604 3126 639 3174 en
659 3109 814 3175 comoedia
836 3111 938 3194 aliqua
954 3112 1090 3192 sumptos
1105 3129 1170 3175 esse
1190 3110 1273 3191 puto,

168 3209 238 3293 quia
259 3209 439 3291 hipioharmo
461 3210 522 3275 tale
544 3211 580 3275 de
601 3213 708 3278 natum
722 3233 823 3278 rerum
838 3233 959 3280 eanmen
974 3214 1140 3294 adscribere
1159 3213 1274 3287 dubito,

169 3312 339 3378 oomoediae
372 3315 474 3378 autem
506 3315 569 3379 eius
599 3318 765 3400 praeceptis
797 3318 960 3384 moralibus
988 3317 1115 3384 refertae
1144 3318 1229 3384 erant
1252 3316 1276 3402 ).

168 3414 227 3482 Sed
249 3415 476 3500 quoquomodo
499 3437 530 3482 se
552 3419 609 3484 hoo
630 3419 729 3497 habet,
751 3422 919 3506 Xenophon
939 3422 994 3486 hos
1023 3441 1139 3506 quoque
1172 3437 1277 3488 versus

169 3516 259 3586 fando
281 3518 432 3584 audivisse
454 3522 485 3584 et
506 3522 669 3588 memoriae
690 3525 808 3591 videtur
828 3517 1029 3591 mandavisse.

268 3727 334 3792 Iam
363 3726 398 3791 ut
426 3726 631 3809 quaestionem
653 3729 691 3794 ad
719 3730 810 3797 finem
836 3731 1051 3815 perducamus,
1085 3745 1277 3813 quaeeunque

167 3832 199 3898 in
221 3831 285 3896 eius
307 3829 427 3911 seriptis
449 3829 486 3893 ad
508 3832 641 3896 earmina
663 3832 757 3915 tyrioa
778 3836 931 3918 spectant,
962 3832 1165 3918 percensenda
1197 3832 1276 3895 sunt.

273 3968 294 4032 ¹)
312 3984 373 4022 ann.
390 3967 419 4020 in
436 3967 502 4022 Xon.
523 3968 603 4023 Mem.
622 3971 645 4033 Ι,
663 3971 697 4026 20
715 3974 743 4026 et
761 3990 821 4027 ann.
842 3972 876 4027 ad
895 3971 991 4026 Herod.
1010 3971 1095 4028 2117.

270 4054 291 4118 ‘t
311 4056 398 4108 uetera
415 4053 493 4107 huius
511 4055 549 4109 rei
566 4056 720 4112 testimonia
739 4060 859 4126 perhibet
878 4059 964 4112 Heine
982 4060 999 4114 l.
1018 4059 1035 4110 1.
1054 4074 1079 4125 p.
1098 4057 1139 4111 52.

270 4139 292 4207 ὃ)
311 4139 401 4193 Leben
420 4155 445 4194 ιι
464 4139 598 4195 Schriften
615 4141 661 4197 des
679 4143 762 4198 Koers
781 4145 951 4216 Epicharmos
969 4161 995 4213 p.
1014 4143 1065 4198 259
1083 4143 1135 4212 irg-
1149 4141 1181 4196 15
1194 4142 1221 4196 et
1240 4139 1281 4203 lo,

270 4227 295 4288 t)
316 4226 418 4284 Lorenz
437 4228 455 4279 l.
474 4228 492 4279 l.
512 4244 536 4307 ρ.
557 4229 613 4294 162.
