<?xml version="1.0" encoding="UTF-8"?>
<!DOCTYPE html PUBLIC "-//W3C//DTD XHTML 1.0 Transitional//EN"
    "http://www.w3.org/TR/xhtml1/DTD/xhtml1-transitional.dtd">
<html xmlns="http://www.w3.org/1999/xhtml" xml:lang="en" lang="en">
 <head>
  <title>
</title>
<meta http-equiv="Content-Type" content="text/html;charset=utf-8" />
  <meta name='ocr-system' content='tesseract 3.04.00' />
  <meta name='ocr-capabilities' content='ocr_page ocr_carea ocr_par ocr_line ocrx_word'/>
</head>
<body>
  <div class='ocr_page' id='page_1' title='image "./quaestionesxeno00rausgoog_0046.png"; bbox 0 0 2928 4580; ppageno 0'>
   <div class='ocr_carea' id='block_1_1' title="bbox 1104 255 1260 390">
    <p class='ocr_par' dir='ltr' id='par_1_1' title="bbox 1104 255 1260 390">
     <span class='ocr_line' id='line_1_1' title="bbox 1104 255 1260 390; baseline -0.038 -42"><span class='ocrx_word' id='word_1_1' title='bbox 1104 255 1260 390; x_wconf 46' lang='lat'>‚41</span> 
     </span>
    </p>
   </div>
   <div class='ocr_carea' id='block_1_2' title="bbox 126 471 1261 4331">
    <p class='ocr_par' dir='ltr' id='par_1_2' title="bbox 126 471 1261 4331">
     <span class='ocr_line' id='line_1_2' title="bbox 254 471 1256 578; baseline -0.005 -18"><span class='ocrx_word' id='word_1_2' title='bbox 254 471 401 576; x_wconf 75' lang='lat' dir='ltr'>Quoniam</span> <span class='ocrx_word' id='word_1_3' title='bbox 422 492 516 578; x_wconf 87' lang='lat' dir='ltr'>igitur</span> <span class='ocrx_word' id='word_1_4' title='bbox 537 491 749 573; x_wconf 89' lang='lat' dir='ltr'>demonstravi,</span> <span class='ocrx_word' id='word_1_5' title='bbox 772 514 830 578; x_wconf 91' lang='lat' dir='ltr'>quo</span> <span class='ocrx_word' id='word_1_6' title='bbox 858 512 929 559; x_wconf 86' lang='lat' dir='ltr'>casu</span> <span class='ocrx_word' id='word_1_7' title='bbox 956 493 1014 559; x_wconf 93' lang='lat' dir='ltr'>hoo</span> <span class='ocrx_word' id='word_1_8' title='bbox 1042 487 1256 576; x_wconf 68' lang='lat' dir='ltr'>fragmentum,</span> 
     </span>
     <span class='ocr_line' id='line_1_3' title="bbox 152 595 1259 683; baseline -0.002 -20"><span class='ocrx_word' id='word_1_9' title='bbox 152 598 188 664; x_wconf 93' lang='lat' dir='ltr'>de</span> <span class='ocrx_word' id='word_1_10' title='bbox 218 617 276 683; x_wconf 88' lang='lat' dir='ltr'>quo</span> <span class='ocrx_word' id='word_1_11' title='bbox 307 599 494 682; x_wconf 76' lang='lat' dir='ltr'>quaerimus.</span> <span class='ocrx_word' id='word_1_12' title='bbox 522 598 714 683; x_wconf 78' lang='lat' dir='ltr'>Xenophonti</span> <span class='ocrx_word' id='word_1_13' title='bbox 742 599 927 682; x_wconf 91' lang='lat' dir='ltr'>adscriptum</span> <span class='ocrx_word' id='word_1_14' title='bbox 957 597 1013 678; x_wconf 90' lang='lat' dir='ltr'>sit,</span> <span class='ocrx_word' id='word_1_15' title='bbox 1043 600 1074 664; x_wconf 94' lang='lat' dir='ltr'>et</span> <span class='ocrx_word' id='word_1_16' title='bbox 1103 595 1259 679; x_wconf 78' lang='lat' dir='ltr'>explicavi,</span> 
     </span>
     <span class='ocr_line' id='line_1_4' title="bbox 150 699 1260 788; baseline -0.003 -20"><span class='ocrx_word' id='word_1_17' title='bbox 150 703 258 787; x_wconf 89' lang='lat' dir='ltr'>quihus</span> <span class='ocrx_word' id='word_1_18' title='bbox 279 703 397 770; x_wconf 87' lang='lat' dir='ltr'>indiciis</span> <span class='ocrx_word' id='word_1_19' title='bbox 421 706 589 770; x_wconf 86' lang='lat' dir='ltr'>commotus</span> <span class='ocrx_word' id='word_1_20' title='bbox 610 707 714 788; x_wconf 91' lang='lat' dir='ltr'>putem</span> <span class='ocrx_word' id='word_1_21' title='bbox 735 704 765 769; x_wconf 93' lang='lat' dir='ltr'>id</span> <span class='ocrx_word' id='word_1_22' title='bbox 788 705 918 788; x_wconf 89' lang='lat' dir='ltr'>petitum</span> <span class='ocrx_word' id='word_1_23' title='bbox 945 721 1010 769; x_wconf 88' lang='lat' dir='ltr'>esse</span> <span class='ocrx_word' id='word_1_24' title='bbox 1040 721 1075 767; x_wconf 83' lang='lat' dir='ltr'>ex</span> <span class='ocrx_word' id='word_1_25' title='bbox 1104 699 1260 766; x_wconf 81' lang='lat' dir='ltr'>Aritotelis</span> 
     </span>
     <span class='ocr_line' id='line_1_5' title="bbox 150 805 1260 891; baseline -0.002 -19"><span class='ocrx_word' id='word_1_26' title='bbox 150 808 186 873; x_wconf 93' lang='lat' dir='ltr'>de</span> <span class='ocrx_word' id='word_1_27' title='bbox 220 807 376 873; x_wconf 88' lang='lat' dir='ltr'>nobilitate</span> <span class='ocrx_word' id='word_1_28' title='bbox 408 807 537 891; x_wconf 87' lang='lat' dir='ltr'>dialogo,</span> <span class='ocrx_word' id='word_1_29' title='bbox 571 828 606 874; x_wconf 82' lang='lat' dir='ltr'>ex</span> <span class='ocrx_word' id='word_1_30' title='bbox 640 827 698 891; x_wconf 93' lang='lat' dir='ltr'>quo</span> <span class='ocrx_word' id='word_1_31' title='bbox 732 807 879 873; x_wconf 89' lang='lat' dir='ltr'>Stobaeus</span> <span class='ocrx_word' id='word_1_32' title='bbox 913 807 973 872; x_wconf 90' lang='lat' dir='ltr'>alia</span> <span class='ocrx_word' id='word_1_33' title='bbox 1001 805 1060 871; x_wconf 84' lang='lat' dir='ltr'>tria</span> <span class='ocrx_word' id='word_1_34' title='bbox 1089 805 1260 890; x_wconf 86' lang='lat' dir='ltr'>fragmenta</span> 
     </span>
     <span class='ocr_line' id='line_1_6' title="bbox 150 908 1261 995; baseline -0.005 -18"><span class='ocrx_word' id='word_1_35' title='bbox 150 911 342 995; x_wconf 81' lang='lat' dir='ltr'>deprompsit,</span> <span class='ocrx_word' id='word_1_36' title='bbox 368 911 547 994; x_wconf 73' lang='lat' dir='ltr'>relinquitur</span> <span class='ocrx_word' id='word_1_37' title='bbox 576 914 610 977; x_wconf 92' lang='lat' dir='ltr'>ut</span> <span class='ocrx_word' id='word_1_38' title='bbox 637 912 796 976; x_wconf 90' lang='lat' dir='ltr'>nonnullas</span> <span class='ocrx_word' id='word_1_39' title='bbox 827 910 1086 994; x_wconf 87' lang='lat' dir='ltr'>quaestiunculas,</span> <span class='ocrx_word' id='word_1_40' title='bbox 1117 927 1192 992; x_wconf 87' lang='lat' dir='ltr'>quae</span> <span class='ocrx_word' id='word_1_41' title='bbox 1222 908 1261 973; x_wconf 89' lang='lat' dir='ltr'>ad</span> 
     </span>
     <span class='ocr_line' id='line_1_7' title="bbox 149 1011 1258 1100; baseline -0.005 -18"><span class='ocrx_word' id='word_1_42' title='bbox 149 1015 311 1100; x_wconf 87' lang='lat' dir='ltr'>fragmenti</span> <span class='ocrx_word' id='word_1_43' title='bbox 334 1015 424 1081; x_wconf 88' lang='lat' dir='ltr'>rerba</span> <span class='ocrx_word' id='word_1_44' title='bbox 446 1016 594 1098; x_wconf 89' lang='lat' dir='ltr'>spectant,</span> <span class='ocrx_word' id='word_1_45' title='bbox 616 1015 748 1082; x_wconf 86' lang='lat' dir='ltr'>breviter</span> <span class='ocrx_word' id='word_1_46' title='bbox 773 1015 939 1081; x_wconf 87' lang='lat' dir='ltr'>absolvam.</span> <span class='ocrx_word' id='word_1_47' title='bbox 982 1014 1082 1096; x_wconf 82' lang='lat' dir='ltr'>Atque</span> <span class='ocrx_word' id='word_1_48' title='bbox 1112 1011 1258 1095; x_wconf 89' lang='lat' dir='ltr'>principio</span> 
     </span>
     <span class='ocr_line' id='line_1_8' title="bbox 148 1116 1260 1204; baseline -0.004 -19"><span class='ocrx_word' id='word_1_49' title='bbox 148 1120 261 1186; x_wconf 89' lang='lat' dir='ltr'>ueruiui</span> <span class='ocrx_word' id='word_1_50' title='bbox 283 1121 383 1204; x_wconf 89' lang='lat' dir='ltr'>potest</span> <span class='ocrx_word' id='word_1_51' title='bbox 405 1119 562 1185; x_wconf 88' lang='lat' dir='ltr'>offensioni</span> <span class='ocrx_word' id='word_1_52' title='bbox 584 1138 659 1194; x_wconf 90' lang='lat' dir='ltr'>esse,</span> <span class='ocrx_word' id='word_1_53' title='bbox 683 1119 760 1202; x_wconf 89' lang='lat' dir='ltr'>quod</span> <span class='ocrx_word' id='word_1_54' title='bbox 776 1119 980 1203; x_wconf 80' lang='lat' dir='ltr'>fragmentum</span> <span class='ocrx_word' id='word_1_55' title='bbox 995 1118 1121 1182; x_wconf 87' lang='lat' dir='ltr'>minime</span> <span class='ocrx_word' id='word_1_56' title='bbox 1144 1116 1260 1181; x_wconf 84' lang='lat' dir='ltr'>redolet</span> 
     </span>
     <span class='ocr_line' id='line_1_9' title="bbox 149 1213 1257 1306; baseline -0.004 -18"><span class='ocrx_word' id='word_1_57' title='bbox 149 1223 320 1289; x_wconf 83' lang='lat' dir='ltr'>Aristotelis</span> <span class='ocrx_word' id='word_1_58' title='bbox 341 1224 520 1289; x_wconf 83' lang='lat' dir='ltr'>brevitatem</span> <span class='ocrx_word' id='word_1_59' title='bbox 542 1223 735 1289; x_wconf 89' lang='lat' dir='ltr'>artificiosam</span> <span class='ocrx_word' id='word_1_60' title='bbox 758 1225 788 1288; x_wconf 89' lang='lat' dir='ltr'>et</span> <span class='ocrx_word' id='word_1_61' title='bbox 806 1213 942 1306; x_wconf 65' lang='lat' dir='ltr'>‘praecise</span> <span class='ocrx_word' id='word_1_62' title='bbox 962 1220 1104 1306; x_wconf 87' lang='lat' dir='ltr'>loquendi</span> <span class='ocrx_word' id='word_1_63' title='bbox 1131 1239 1257 1286; x_wconf 84' lang='lat' dir='ltr'>cousue-</span> 
     </span>
     <span class='ocr_line' id='line_1_10' title="bbox 148 1324 1258 1414; baseline -0.006 -19"><span class='ocrx_word' id='word_1_64' title='bbox 148 1330 300 1408; x_wconf 83' lang='lat' dir='ltr'>tudinem,</span> <span class='ocrx_word' id='word_1_65' title='bbox 331 1329 471 1414; x_wconf 92' lang='lat' dir='ltr'>quoniam</span> <span class='ocrx_word' id='word_1_66' title='bbox 498 1329 577 1395; x_wconf 89' lang='lat' dir='ltr'>iuter</span> <span class='ocrx_word' id='word_1_67' title='bbox 605 1349 710 1396; x_wconf 87' lang='lat' dir='ltr'>omues</span> <span class='ocrx_word' id='word_1_68' title='bbox 739 1329 856 1395; x_wconf 87' lang='lat' dir='ltr'>constat</span> <span class='ocrx_word' id='word_1_69' title='bbox 885 1328 1051 1393; x_wconf 87' lang='lat' dir='ltr'>orationem</span> <span class='ocrx_word' id='word_1_70' title='bbox 1077 1325 1109 1391; x_wconf 92' lang='lat' dir='ltr'>iu</span> <span class='ocrx_word' id='word_1_71' title='bbox 1130 1324 1258 1408; x_wconf 80' lang='lat' dir='ltr'>dialogis</span> 
     </span>
     <span class='ocr_line' id='line_1_11' title="bbox 147 1428 1258 1515; baseline -0.006 -14"><span class='ocrx_word' id='word_1_72' title='bbox 147 1433 347 1501; x_wconf 80' lang='lat' dir='ltr'>Aristotelicis</span> <span class='ocrx_word' id='word_1_73' title='bbox 368 1433 455 1500; x_wconf 84' lang='lat' dir='ltr'>valde</span> <span class='ocrx_word' id='word_1_74' title='bbox 477 1454 496 1500; x_wconf 87' lang='lat' dir='ltr'>a</span> <span class='ocrx_word' id='word_1_75' title='bbox 516 1433 603 1500; x_wconf 90' lang='lat' dir='ltr'>libris</span> <span class='ocrx_word' id='word_1_76' title='bbox 625 1434 778 1500; x_wconf 87' lang='lat' dir='ltr'>secterieis</span> <span class='ocrx_word' id='word_1_77' title='bbox 799 1433 995 1515; x_wconf 77' lang='lat' dir='ltr'>discrepasse,</span> <span class='ocrx_word' id='word_1_78' title='bbox 1017 1430 1134 1514; x_wconf 88' lang='lat' dir='ltr'>quade</span> <span class='ocrx_word' id='word_1_79' title='bbox 1161 1447 1193 1493; x_wconf 89' lang='lat' dir='ltr'>re</span> <span class='ocrx_word' id='word_1_80' title='bbox 1214 1428 1258 1494; x_wconf 91' lang='lat' dir='ltr'>sio</span> 
     </span>
     <span class='ocr_line' id='line_1_12' title="bbox 147 1533 1258 1622; baseline -0.007 -18"><span class='ocrx_word' id='word_1_81' title='bbox 147 1537 281 1622; x_wconf 87' lang='lat' dir='ltr'>disputat</span> <span class='ocrx_word' id='word_1_82' title='bbox 307 1538 417 1605; x_wconf 88' lang='lat' dir='ltr'>Rosius</span> <span class='ocrx_word' id='word_1_83' title='bbox 445 1538 467 1604; x_wconf 92' lang='lat' dir='ltr'>l.</span> <span class='ocrx_word' id='word_1_84' title='bbox 495 1539 517 1604; x_wconf 93' lang='lat' dir='ltr'>l.</span> <span class='ocrx_word' id='word_1_85' title='bbox 546 1559 575 1622; x_wconf 89' lang='lat' dir='ltr'>p.</span> <span class='ocrx_word' id='word_1_86' title='bbox 607 1539 666 1604; x_wconf 81' lang='lat'>24:</span> <span class='ocrx_word' id='word_1_87' title='bbox 695 1558 770 1612; x_wconf 84' lang='lat' dir='ltr'>„neo</span> <span class='ocrx_word' id='word_1_88' title='bbox 800 1539 865 1604; x_wconf 88' lang='lat' dir='ltr'>tam</span> <span class='ocrx_word' id='word_1_89' title='bbox 894 1536 1042 1602; x_wconf 88' lang='lat' dir='ltr'>suavitate</span> <span class='ocrx_word' id='word_1_90' title='bbox 1071 1533 1258 1617; x_wconf 85' lang='lat' dir='ltr'>praestitisse</span> 
     </span>
     <span class='ocr_line' id='line_1_13' title="bbox 148 1639 1257 1725; baseline -0.005 -18"><span class='ocrx_word' id='word_1_91' title='bbox 148 1642 327 1725; x_wconf 87' lang='lat' dir='ltr'>intelligitur</span> <span class='ocrx_word' id='word_1_92' title='bbox 356 1660 447 1725; x_wconf 90' lang='lat' dir='ltr'>quam</span> <span class='ocrx_word' id='word_1_93' title='bbox 478 1642 609 1724; x_wconf 80' lang='lat' dir='ltr'>simplici</span> <span class='ocrx_word' id='word_1_94' title='bbox 638 1643 766 1725; x_wconf 90' lang='lat' dir='ltr'>quadam</span> <span class='ocrx_word' id='word_1_95' title='bbox 798 1640 940 1724; x_wconf 90' lang='lat' dir='ltr'>tenuique</span> <span class='ocrx_word' id='word_1_96' title='bbox 967 1639 1175 1723; x_wconf 88' lang='lat' dir='ltr'>quaestionum</span> <span class='ocrx_word' id='word_1_97' title='bbox 1206 1655 1257 1702; x_wconf 86' lang='lat' dir='ltr'>oo·</span> 
     </span>
     <span class='ocr_line' id='line_1_14' title="bbox 147 1745 1257 1831; baseline -0.005 -20"><span class='ocrx_word' id='word_1_98' title='bbox 147 1747 232 1826; x_wconf 85' lang='lat' dir='ltr'>guitu</span> <span class='ocrx_word' id='word_1_99' title='bbox 254 1747 391 1813; x_wconf 83' lang='lat' dir='ltr'>suavium</span> <span class='ocrx_word' id='word_1_100' title='bbox 414 1746 607 1830; x_wconf 86' lang='lat' dir='ltr'>faciliumque</span> <span class='ocrx_word' id='word_1_101' title='bbox 629 1749 659 1814; x_wconf 89' lang='lat' dir='ltr'>et</span> <span class='ocrx_word' id='word_1_102' title='bbox 684 1747 854 1831; x_wconf 86' lang='lat' dir='ltr'>vulgarium</span> <span class='ocrx_word' id='word_1_103' title='bbox 878 1745 1078 1827; x_wconf 84' lang='lat' dir='ltr'>expositione,</span> <span class='ocrx_word' id='word_1_104' title='bbox 1113 1760 1189 1825; x_wconf 89' lang='lat' dir='ltr'>quae</span> <span class='ocrx_word' id='word_1_105' title='bbox 1222 1759 1257 1806; x_wconf 83' lang='lat' dir='ltr'>er</span> 
     </span>
     <span class='ocr_line' id='line_1_15' title="bbox 146 1847 1256 1935; baseline -0.006 -19"><span class='ocrx_word' id='word_1_106' title='bbox 146 1851 279 1918; x_wconf 88' lang='lat' dir='ltr'>Homero</span> <span class='ocrx_word' id='word_1_107' title='bbox 299 1851 412 1931; x_wconf 88' lang='lat' dir='ltr'>passim</span> <span class='ocrx_word' id='word_1_108' title='bbox 434 1852 630 1925; x_wconf 82' lang='lat' dir='ltr'>ducebatur,“</span> <span class='ocrx_word' id='word_1_109' title='bbox 652 1850 730 1934; x_wconf 87' lang='lat' dir='ltr'>quod</span> <span class='ocrx_word' id='word_1_110' title='bbox 752 1850 873 1935; x_wconf 90' lang='lat' dir='ltr'>quidem</span> <span class='ocrx_word' id='word_1_111' title='bbox 896 1849 988 1915; x_wconf 87' lang='lat' dir='ltr'>etiam</span> <span class='ocrx_word' id='word_1_112' title='bbox 1005 1849 1042 1914; x_wconf 92' lang='lat' dir='ltr'>de</span> <span class='ocrx_word' id='word_1_113' title='bbox 1056 1849 1158 1912; x_wconf 88' lang='lat' dir='ltr'>nostro</span> <span class='ocrx_word' id='word_1_114' title='bbox 1173 1847 1256 1928; x_wconf 86' lang='lat' dir='ltr'>frag-</span> 
     </span>
     <span class='ocr_line' id='line_1_16' title="bbox 145 1949 1254 2038; baseline -0.01 -16"><span class='ocrx_word' id='word_1_115' title='bbox 145 1955 247 2022; x_wconf 88' lang='lat' dir='ltr'>mento</span> <span class='ocrx_word' id='word_1_116' title='bbox 276 1954 335 2020; x_wconf 88' lang='lat' dir='ltr'>diei</span> <span class='ocrx_word' id='word_1_117' title='bbox 361 1956 469 2038; x_wconf 86' lang='lat' dir='ltr'>potest.</span> <span class='ocrx_word' id='word_1_118' title='bbox 520 1955 588 2021; x_wconf 86' lang='lat' dir='ltr'>Vid.</span> <span class='ocrx_word' id='word_1_119' title='bbox 620 1956 774 2038; x_wconf 86' lang='lat' dir='ltr'>praeterea</span> <span class='ocrx_word' id='word_1_120' title='bbox 800 1955 835 2019; x_wconf 81' lang='grc'>1.</span> <span class='ocrx_word' id='word_1_121' title='bbox 863 1953 954 2018; x_wconf 86' lang='lat' dir='ltr'>Heitz</span> <span class='ocrx_word' id='word_1_122' title='bbox 982 1953 1003 2017; x_wconf 93' lang='lat' dir='ltr'>l.</span> <span class='ocrx_word' id='word_1_123' title='bbox 1026 1953 1046 2017; x_wconf 90' lang='lat' dir='ltr'>l.</span> <span class='ocrx_word' id='word_1_124' title='bbox 1070 1971 1100 2032; x_wconf 90' lang='lat' dir='ltr'>p.</span> <span class='ocrx_word' id='word_1_125' title='bbox 1126 1949 1188 2017; x_wconf 79' lang='lat'>154</span> <span class='ocrx_word' id='word_1_126' title='bbox 1210 1968 1254 2032; x_wconf 91' lang='lat' dir='ltr'>sq.</span> 
     </span>
     <span class='ocr_line' id='line_1_17' title="bbox 126 2053 1252 2144; baseline -0.008 -19"><span class='ocrx_word' id='word_1_127' title='bbox 126 2060 169 2144; x_wconf 71' lang='lat' dir='ltr'>l.</span> <span class='ocrx_word' id='word_1_128' title='bbox 193 2061 326 2140; x_wconf 84' lang='lat' dir='ltr'>Bernays</span> <span class='ocrx_word' id='word_1_129' title='bbox 347 2059 367 2123; x_wconf 93' lang='lat' dir='ltr'>l.</span> <span class='ocrx_word' id='word_1_130' title='bbox 390 2060 411 2124; x_wconf 95' lang='lat' dir='ltr'>l.</span> <span class='ocrx_word' id='word_1_131' title='bbox 435 2079 463 2142; x_wconf 91' lang='lat' dir='ltr'>p.</span> <span class='ocrx_word' id='word_1_132' title='bbox 489 2059 550 2124; x_wconf 87' lang='grc'>136</span> <span class='ocrx_word' id='word_1_133' title='bbox 574 2079 640 2125; x_wconf 87' lang='grc'>111.</span> <span class='ocrx_word' id='word_1_134' title='bbox 664 2058 685 2122; x_wconf 83' lang='grc'>1</span> <span class='ocrx_word' id='word_1_135' title='bbox 717 2095 760 2108; x_wconf 93' lang='lat'>-</span> <span class='ocrx_word' id='word_1_136' title='bbox 781 2057 874 2123; x_wconf 91' lang='lat' dir='ltr'>Porro</span> <span class='ocrx_word' id='word_1_137' title='bbox 889 2057 1022 2123; x_wconf 89' lang='lat' dir='ltr'>notabile</span> <span class='ocrx_word' id='word_1_138' title='bbox 1036 2055 1155 2121; x_wconf 85' lang='lat' dir='ltr'>videtur</span> <span class='ocrx_word' id='word_1_139' title='bbox 1170 2053 1252 2137; x_wconf 77' lang='lat' dir='ltr'>frag-</span> 
     </span>
     <span class='ocr_line' id='line_1_18' title="bbox 146 2145 1255 2252; baseline -0.007 -22"><span class='ocrx_word' id='word_1_140' title='bbox 146 2165 240 2231; x_wconf 82' lang='lat' dir='ltr'>menti</span> <span class='ocrx_word' id='word_1_141' title='bbox 269 2165 406 2231; x_wconf 81' lang='lat' dir='ltr'>initium:</span> <span class='ocrx_word' id='word_1_142' title='bbox 435 2162 608 2249; x_wconf 68' lang='grc' dir='ltr'>Θεόγνιδός</span> <span class='ocrx_word' id='word_1_143' title='bbox 627 2165 707 2232; x_wconf 71' lang='grc' dir='ltr'>ἐστιν</span> <span class='ocrx_word' id='word_1_144' title='bbox 738 2161 797 2252; x_wconf 74' lang='grc' dir='ltr'>ἔπη</span> <span class='ocrx_word' id='word_1_145' title='bbox 826 2167 880 2230; x_wconf 77' lang='grc' dir='ltr'>τοῦ</span> <span class='ocrx_word' id='word_1_146' title='bbox 909 2162 1096 2248; x_wconf 78' lang='grc' dir='ltr'>Μεγαρέως·</span> <span class='ocrx_word' id='word_1_147' title='bbox 1126 2145 1214 2234; x_wconf 70' lang='grc' dir='ltr'><strong>οὗτος</strong></span> <span class='ocrx_word' id='word_1_148' title='bbox 1240 2180 1255 2222; x_wconf 88' lang='lat'>0</span> 
     </span>
     <span class='ocr_line' id='line_1_19' title="bbox 146 2260 1254 2356; baseline -0.011 -20"><span class='ocrx_word' id='word_1_149' title='bbox 146 2291 276 2356; x_wconf 79' lang='grc' dir='ltr'><strong>ποιητης</strong></span> <span class='ocrx_word' id='word_1_150' title='bbox 304 2272 391 2350; x_wconf 73' lang='lat' dir='ltr'>ach,</span> <span class='ocrx_word' id='word_1_151' title='bbox 423 2269 460 2334; x_wconf 91' lang='lat' dir='ltr'>de</span> <span class='ocrx_word' id='word_1_152' title='bbox 490 2287 548 2352; x_wconf 93' lang='lat' dir='ltr'>quo</span> <span class='ocrx_word' id='word_1_153' title='bbox 577 2287 665 2333; x_wconf 90' lang='lat' dir='ltr'>neruo</span> <span class='ocrx_word' id='word_1_154' title='bbox 696 2266 792 2334; x_wconf 90' lang='lat' dir='ltr'>adhuc</span> <span class='ocrx_word' id='word_1_155' title='bbox 814 2266 988 2348; x_wconf 86' lang='lat' dir='ltr'>disputavit.</span> <span class='ocrx_word' id='word_1_156' title='bbox 1032 2262 1111 2328; x_wconf 90' lang='lat' dir='ltr'>Mihi</span> <span class='ocrx_word' id='word_1_157' title='bbox 1133 2260 1254 2344; x_wconf 90' lang='lat' dir='ltr'>quidem</span> 
     </span>
     <span class='ocr_line' id='line_1_20' title="bbox 145 2364 1255 2455; baseline -0.006 -20"><span class='ocrx_word' id='word_1_158' title='bbox 145 2372 189 2436; x_wconf 91' lang='lat' dir='ltr'>sio</span> <span class='ocrx_word' id='word_1_159' title='bbox 210 2391 259 2437; x_wconf 89' lang='lat' dir='ltr'>res</span> <span class='ocrx_word' id='word_1_160' title='bbox 280 2392 312 2438; x_wconf 86' lang='lat' dir='ltr'>ee</span> <span class='ocrx_word' id='word_1_161' title='bbox 332 2373 442 2438; x_wconf 92' lang='lat' dir='ltr'>habere</span> <span class='ocrx_word' id='word_1_162' title='bbox 464 2371 598 2438; x_wconf 84' lang='lat' dir='ltr'>videtur:</span> <span class='ocrx_word' id='word_1_163' title='bbox 626 2373 791 2455; x_wconf 89' lang='lat' dir='ltr'>Postquam</span> <span class='ocrx_word' id='word_1_164' title='bbox 821 2370 999 2436; x_wconf 82' lang='lat' dir='ltr'>Aristoteles</span> <span class='ocrx_word' id='word_1_165' title='bbox 1030 2367 1142 2450; x_wconf 82' lang='lat' dir='ltr'>dialogi</span> <span class='ocrx_word' id='word_1_166' title='bbox 1167 2364 1255 2429; x_wconf 91' lang='lat' dir='ltr'>initio</span> 
     </span>
     <span class='ocr_line' id='line_1_21' title="bbox 145 2471 1254 2558; baseline -0.008 -17"><span class='ocrx_word' id='word_1_167' title='bbox 145 2476 348 2558; x_wconf 86' lang='lat' dir='ltr'>Lycophronis</span> <span class='ocrx_word' id='word_1_168' title='bbox 371 2477 401 2542; x_wconf 91' lang='lat' dir='ltr'>et</span> <span class='ocrx_word' id='word_1_169' title='bbox 422 2476 550 2542; x_wconf 87' lang='lat' dir='ltr'>fortasse</span> <span class='ocrx_word' id='word_1_170' title='bbox 570 2476 698 2541; x_wconf 87' lang='lat' dir='ltr'>aliorum</span> <span class='ocrx_word' id='word_1_171' title='bbox 721 2475 757 2541; x_wconf 93' lang='lat' dir='ltr'>de</span> <span class='ocrx_word' id='word_1_172' title='bbox 778 2475 936 2540; x_wconf 87' lang='lat' dir='ltr'>nobilitate</span> <span class='ocrx_word' id='word_1_173' title='bbox 951 2473 1063 2540; x_wconf 88' lang='lat' dir='ltr'>iudicia</span> <span class='ocrx_word' id='word_1_174' title='bbox 1080 2471 1254 2552; x_wconf 89' lang='lat' dir='ltr'>persecutus</span> 
     </span>
     <span class='ocr_line' id='line_1_22' title="bbox 145 2572 1255 2661; baseline -0.008 -17"><span class='ocrx_word' id='word_1_175' title='bbox 145 2581 200 2646; x_wconf 84' lang='lat' dir='ltr'>est.</span> <span class='ocrx_word' id='word_1_176' title='bbox 223 2580 407 2646; x_wconf 88' lang='lat' dir='ltr'>mentionem</span> <span class='ocrx_word' id='word_1_177' title='bbox 430 2579 502 2645; x_wconf 84' lang='lat' dir='ltr'>iecit</span> <span class='ocrx_word' id='word_1_178' title='bbox 525 2599 628 2646; x_wconf 90' lang='lat' dir='ltr'>eorum</span> <span class='ocrx_word' id='word_1_179' title='bbox 651 2581 828 2647; x_wconf 82' lang='lat' dir='ltr'>carminum.</span> <span class='ocrx_word' id='word_1_180' title='bbox 859 2579 969 2661; x_wconf 92' lang='lat' dir='ltr'>quibus</span> <span class='ocrx_word' id='word_1_181' title='bbox 998 2575 1140 2641; x_wconf 88' lang='lat' dir='ltr'>nobilitas</span> <span class='ocrx_word' id='word_1_182' title='bbox 1167 2572 1255 2639; x_wconf 85' lang='lat' dir='ltr'>valde</span> 
     </span>
     <span class='ocr_line' id='line_1_23' title="bbox 145 2676 1253 2770; baseline -0.007 -22"><span class='ocrx_word' id='word_1_183' title='bbox 145 2683 321 2750; x_wconf 90' lang='lat' dir='ltr'>celebratur.</span> <span class='ocrx_word' id='word_1_184' title='bbox 365 2685 405 2751; x_wconf 82' lang='grc'>111</span> <span class='ocrx_word' id='word_1_185' title='bbox 427 2684 464 2750; x_wconf 87' lang='grc'>16</span> <span class='ocrx_word' id='word_1_186' title='bbox 484 2684 531 2750; x_wconf 93' lang='lat' dir='ltr'>his</span> <span class='ocrx_word' id='word_1_187' title='bbox 553 2683 737 2770; x_wconf 81' lang='lat' dir='ltr'>Theognidis</span> <span class='ocrx_word' id='word_1_188' title='bbox 758 2682 941 2750; x_wconf 78' lang='lat' dir='ltr'>carminibus</span> <span class='ocrx_word' id='word_1_189' title='bbox 963 2681 1006 2747; x_wconf 92' lang='lat' dir='ltr'>sio</span> <span class='ocrx_word' id='word_1_190' title='bbox 1028 2681 1155 2746; x_wconf 87' lang='lat' dir='ltr'>fortasse</span> <span class='ocrx_word' id='word_1_191' title='bbox 1184 2676 1253 2742; x_wconf 82' lang='lat' dir='ltr'>hri-</span> 
     </span>
     <span class='ocr_line' id='line_1_24' title="bbox 145 2787 1253 2872; baseline -0.007 -20"><span class='ocrx_word' id='word_1_192' title='bbox 145 2787 269 2853; x_wconf 83' lang='lat' dir='ltr'>sioteles</span> <span class='ocrx_word' id='word_1_193' title='bbox 291 2787 471 2871; x_wconf 86' lang='lat' dir='ltr'>disputarit:</span> <span class='ocrx_word' id='word_1_194' title='bbox 499 2788 598 2854; x_wconf 88' lang='lat' dir='ltr'>totum</span> <span class='ocrx_word' id='word_1_195' title='bbox 620 2789 727 2854; x_wconf 88' lang='lat' dir='ltr'>harum</span> <span class='ocrx_word' id='word_1_196' title='bbox 750 2788 914 2872; x_wconf 88' lang='lat' dir='ltr'>elegiarum</span> <span class='ocrx_word' id='word_1_197' title='bbox 938 2804 1045 2867; x_wconf 89' lang='lat' dir='ltr'>eorpus</span> <span class='ocrx_word' id='word_1_198' title='bbox 1071 2800 1253 2866; x_wconf 86' lang='lat' dir='ltr'>quamquam</span> 
     </span>
     <span class='ocr_line' id='line_1_25' title="bbox 144 2889 1255 2960; baseline -0.009 -1"><span class='ocrx_word' id='word_1_199' title='bbox 144 2892 260 2959; x_wconf 84' lang='lat' dir='ltr'>variam</span> <span class='ocrx_word' id='word_1_200' title='bbox 281 2892 393 2960; x_wconf 85' lang='lat' dir='ltr'>habeut</span> <span class='ocrx_word' id='word_1_201' title='bbox 412 2892 545 2958; x_wconf 88' lang='lat' dir='ltr'>indolem</span> <span class='ocrx_word' id='word_1_202' title='bbox 568 2893 598 2958; x_wconf 89' lang='lat' dir='ltr'>et</span> <span class='ocrx_word' id='word_1_203' title='bbox 619 2892 731 2958; x_wconf 90' lang='lat' dir='ltr'>mirum</span> <span class='ocrx_word' id='word_1_204' title='bbox 752 2892 784 2956; x_wconf 90' lang='lat' dir='ltr'>iu</span> <span class='ocrx_word' id='word_1_205' title='bbox 806 2890 931 2957; x_wconf 91' lang='lat' dir='ltr'>modum</span> <span class='ocrx_word' id='word_1_206' title='bbox 957 2889 1177 2954; x_wconf 88' lang='lat' dir='ltr'>diversissimas</span> <span class='ocrx_word' id='word_1_207' title='bbox 1208 2904 1255 2950; x_wconf 89' lang='lat' dir='ltr'>res</span> 
     </span>
     <span class='ocr_line' id='line_1_26' title="bbox 145 2991 1254 3076; baseline -0.006 -16"><span class='ocrx_word' id='word_1_208' title='bbox 145 2995 293 3061; x_wconf 89' lang='lat' dir='ltr'>humanas</span> <span class='ocrx_word' id='word_1_209' title='bbox 321 2996 489 3072; x_wconf 85' lang='lat' dir='ltr'>celebrant,</span> <span class='ocrx_word' id='word_1_210' title='bbox 519 2995 698 3062; x_wconf 88' lang='lat' dir='ltr'>adscribitur</span> <span class='ocrx_word' id='word_1_211' title='bbox 725 2996 828 3061; x_wconf 87' lang='lat' dir='ltr'>tamen</span> <span class='ocrx_word' id='word_1_212' title='bbox 862 2994 914 3059; x_wconf 91' lang='lat' dir='ltr'>uui</span> <span class='ocrx_word' id='word_1_213' title='bbox 946 2992 1114 3076; x_wconf 76' lang='lat' dir='ltr'>Theognidi</span> <span class='ocrx_word' id='word_1_214' title='bbox 1148 2991 1254 3074; x_wconf 89' lang='lat' dir='ltr'>poetae</span> 
     </span>
     <span class='ocr_line' id='line_1_27' title="bbox 145 3093 1255 3184; baseline -0.007 -18"><span class='ocrx_word' id='word_1_215' title='bbox 145 3098 326 3184; x_wconf 83' lang='lat' dir='ltr'>Megareusi.</span> <span class='ocrx_word' id='word_1_216' title='bbox 347 3099 478 3182; x_wconf 85' lang='lat' dir='ltr'>legimus</span> <span class='ocrx_word' id='word_1_217' title='bbox 500 3102 580 3166; x_wconf 92' lang='lat' dir='ltr'>certe</span> <span class='ocrx_word' id='word_1_218' title='bbox 601 3100 633 3164; x_wconf 90' lang='lat' dir='ltr'>iu</span> <span class='ocrx_word' id='word_1_219' title='bbox 655 3100 720 3182; x_wconf 90' lang='lat' dir='ltr'>ipso</span> <span class='ocrx_word' id='word_1_220' title='bbox 742 3095 839 3164; x_wconf 91' lang='lat' dir='ltr'>libelli</span> <span class='ocrx_word' id='word_1_221' title='bbox 860 3096 963 3162; x_wconf 90' lang='lat' dir='ltr'>initio:</span> <span class='ocrx_word' id='word_1_222' title='bbox 989 3093 1152 3182; x_wconf 72' lang='grc' dir='ltr'>Θεόγνιδός</span> <span class='ocrx_word' id='word_1_223' title='bbox 1174 3095 1255 3162; x_wconf 80' lang='grc' dir='ltr'>ἐστιν</span> 
     </span>
     <span class='ocr_line' id='line_1_28' title="bbox 146 3189 1253 3291; baseline -0.006 -23"><span class='ocrx_word' id='word_1_224' title='bbox 146 3199 205 3290; x_wconf 78' lang='grc' dir='ltr'>ἔπη</span> <span class='ocrx_word' id='word_1_225' title='bbox 220 3207 274 3270; x_wconf 79' lang='grc' dir='ltr'>τοῦ</span> <span class='ocrx_word' id='word_1_226' title='bbox 289 3205 466 3291; x_wconf 79' lang='grc' dir='ltr'><strong>Μεγαρέως.</strong></span> <span class='ocrx_word' id='word_1_227' title='bbox 495 3203 637 3270; x_wconf 71' lang='lat' dir='ltr'>‘Subinde</span> <span class='ocrx_word' id='word_1_228' title='bbox 653 3205 754 3269; x_wconf 86' lang='lat' dir='ltr'>autem</span> <span class='ocrx_word' id='word_1_229' title='bbox 769 3203 884 3288; x_wconf 86' lang='lat' dir='ltr'>pergit:</span> <span class='ocrx_word' id='word_1_230' title='bbox 907 3189 995 3277; x_wconf 69' lang='grc' dir='ltr'>οὗτος</span> <span class='ocrx_word' id='word_1_231' title='bbox 1010 3197 1024 3266; x_wconf 77' lang='grc' dir='ltr'><strong><em>ὃ</em></strong></span> <span class='ocrx_word' id='word_1_232' title='bbox 1040 3219 1170 3286; x_wconf 79' lang='grc' dir='ltr'>ποιητης</span> <span class='ocrx_word' id='word_1_233' title='bbox 1185 3199 1253 3264; x_wconf 76' lang='grc' dir='ltr'><strong>κτλ.</strong></span> 
     </span>
     <span class='ocr_line' id='line_1_29' title="bbox 145 3303 1251 3393; baseline -0.005 -22"><span class='ocrx_word' id='word_1_234' title='bbox 145 3307 213 3372; x_wconf 90' lang='grc' dir='ltr'>Η11</span> <span class='ocrx_word' id='word_1_235' title='bbox 233 3308 360 3372; x_wconf 86' lang='lat' dir='ltr'>fortasse</span> <span class='ocrx_word' id='word_1_236' title='bbox 381 3308 471 3374; x_wconf 92' lang='lat' dir='ltr'>modo</span> <span class='ocrx_word' id='word_1_237' title='bbox 494 3309 655 3393; x_wconf 80' lang='lat' dir='ltr'>fragmenti</span> <span class='ocrx_word' id='word_1_238' title='bbox 678 3309 797 3375; x_wconf 90' lang='lat' dir='ltr'>initium</span> <span class='ocrx_word' id='word_1_239' title='bbox 821 3307 1032 3392; x_wconf 83' lang='lat' dir='ltr'>explicandum</span> <span class='ocrx_word' id='word_1_240' title='bbox 1055 3307 1101 3370; x_wconf 89' lang='lat' dir='ltr'>est</span> <span class='ocrx_word' id='word_1_241' title='bbox 1122 3305 1153 3370; x_wconf 83' lang='lat' dir='ltr'>et</span> <span class='ocrx_word' id='word_1_242' title='bbox 1180 3303 1251 3368; x_wconf 91' lang='lat' dir='ltr'>talis</span> 
     </span>
     <span class='ocr_line' id='line_1_30' title="bbox 146 3405 1254 3490; baseline -0.005 -15"><span class='ocrx_word' id='word_1_243' title='bbox 146 3410 183 3476; x_wconf 92' lang='lat' dir='ltr'>de</span> <span class='ocrx_word' id='word_1_244' title='bbox 205 3410 373 3476; x_wconf 88' lang='lat' dir='ltr'>carminum</span> <span class='ocrx_word' id='word_1_245' title='bbox 395 3415 516 3479; x_wconf 88' lang='lat' dir='ltr'>auctore</span> <span class='ocrx_word' id='word_1_246' title='bbox 538 3413 685 3480; x_wconf 86' lang='lat' dir='ltr'>dubitatio</span> <span class='ocrx_word' id='word_1_247' title='bbox 708 3413 880 3480; x_wconf 81' lang='lat' dir='ltr'>Aristotelis</span> <span class='ocrx_word' id='word_1_248' title='bbox 907 3410 956 3478; x_wconf 86' lang='lat' dir='ltr'>rel</span> <span class='ocrx_word' id='word_1_249' title='bbox 981 3408 1174 3490; x_wconf 85' lang='lat' dir='ltr'>Peripatetici</span> <span class='ocrx_word' id='word_1_250' title='bbox 1197 3405 1254 3470; x_wconf 90' lang='lat' dir='ltr'>ali·</span> 
     </span>
     <span class='ocr_line' id='line_1_31' title="bbox 146 3510 1257 3604; baseline -0.006 -22"><span class='ocrx_word' id='word_1_251' title='bbox 146 3514 233 3582; x_wconf 88' lang='lat' dir='ltr'>euius</span> <span class='ocrx_word' id='word_1_252' title='bbox 268 3514 439 3598; x_wconf 92' lang='lat' dir='ltr'>philosophi</span> <span class='ocrx_word' id='word_1_253' title='bbox 476 3518 597 3603; x_wconf 88' lang='lat' dir='ltr'>iugenio</span> <span class='ocrx_word' id='word_1_254' title='bbox 631 3517 794 3586; x_wconf 89' lang='lat' dir='ltr'>admodum</span> <span class='ocrx_word' id='word_1_255' title='bbox 828 3518 919 3604; x_wconf 88' lang='lat' dir='ltr'>digua</span> <span class='ocrx_word' id='word_1_256' title='bbox 950 3515 1006 3580; x_wconf 88' lang='lat' dir='ltr'>est.</span> <span class='ocrx_word' id='word_1_257' title='bbox 1040 3551 1079 3560; x_wconf 98' lang='lat'>-</span> <span class='ocrx_word' id='word_1_258' title='bbox 1113 3510 1257 3577; x_wconf 85' lang='lat' dir='ltr'>Sitzlerus</span> 
     </span>
     <span class='ocr_line' id='line_1_32' title="bbox 144 3608 1258 3709; baseline -0.004 -27"><span class='ocrx_word' id='word_1_259' title='bbox 144 3619 166 3683; x_wconf 94' lang='lat' dir='ltr'>l.</span> <span class='ocrx_word' id='word_1_260' title='bbox 186 3617 209 3682; x_wconf 91' lang='lat' dir='ltr'>l.</span> <span class='ocrx_word' id='word_1_261' title='bbox 230 3617 262 3682; x_wconf 93' lang='lat' dir='ltr'>in</span> <span class='ocrx_word' id='word_1_262' title='bbox 283 3618 331 3684; x_wconf 88' lang='lat' dir='ltr'>his</span> <span class='ocrx_word' id='word_1_263' title='bbox 352 3619 451 3686; x_wconf 83' lang='lat' dir='ltr'>verbis</span> <span class='ocrx_word' id='word_1_264' title='bbox 473 3647 493 3709; x_wconf 91' lang='grc' dir='ltr'>η</span> <span class='ocrx_word' id='word_1_265' title='bbox 516 3608 672 3708; x_wconf 70' lang='grc'>11111111</span> <span class='ocrx_word' id='word_1_266' title='bbox 696 3647 747 3709; x_wconf 83' lang='grc' dir='ltr'>μοι</span> <span class='ocrx_word' id='word_1_267' title='bbox 776 3625 861 3690; x_wconf 80' lang='grc' dir='ltr'>δοκεῖ</span> <span class='ocrx_word' id='word_1_268' title='bbox 889 3624 948 3708; x_wconf 81' lang='grc' dir='ltr'>τῆς</span> <span class='ocrx_word' id='word_1_269' title='bbox 975 3614 1127 3696; x_wconf 74' lang='grc' dir='ltr'>ποιήσεως</span> <span class='ocrx_word' id='word_1_270' title='bbox 1157 3611 1258 3700; x_wconf 57' lang='lat' dir='ltr'>dohec</span> 
     </span>
     <span class='ocr_line' id='line_1_33' title="bbox 146 3718 1257 3812; baseline -0.005 -24"><span class='ocrx_word' id='word_1_271' title='bbox 146 3718 428 3807; x_wconf 71' lang='grc'>11111111111111</span> <span class='ocrx_word' id='word_1_272' title='bbox 451 3721 532 3812; x_wconf 74' lang='grc' dir='ltr'>ἀρχή</span> <span class='ocrx_word' id='word_1_273' title='bbox 555 3744 590 3791; x_wconf 85' lang='lat' dir='ltr'>ex</span> <span class='ocrx_word' id='word_1_274' title='bbox 611 3725 880 3810; x_wconf 87' lang='lat' dir='ltr'>Peripateticorum</span> <span class='ocrx_word' id='word_1_275' title='bbox 903 3742 986 3789; x_wconf 90' lang='lat' dir='ltr'>more</span> <span class='ocrx_word' id='word_1_276' title='bbox 1007 3719 1149 3803; x_wconf 91' lang='lat' dir='ltr'>loquendi</span> <span class='ocrx_word' id='word_1_277' title='bbox 1173 3718 1257 3800; x_wconf 89' lang='lat' dir='ltr'>priu-</span> 
     </span>
     <span class='ocr_line' id='line_1_34' title="bbox 147 3822 1256 3912; baseline -0.005 -22"><span class='ocrx_word' id='word_1_278' title='bbox 147 3825 259 3907; x_wconf 91' lang='lat' dir='ltr'>oipium</span> <span class='ocrx_word' id='word_1_279' title='bbox 291 3827 340 3893; x_wconf 87' lang='lat' dir='ltr'>vel</span> <span class='ocrx_word' id='word_1_280' title='bbox 372 3826 602 3894; x_wconf 81' lang='lat' dir='ltr'>fundamentum</span> <span class='ocrx_word' id='word_1_281' title='bbox 634 3829 870 3912; x_wconf 84' lang='lat' dir='ltr'>intellegendum</span> <span class='ocrx_word' id='word_1_282' title='bbox 902 3846 967 3893; x_wconf 90' lang='lat' dir='ltr'>esse</span> <span class='ocrx_word' id='word_1_283' title='bbox 996 3825 1098 3891; x_wconf 86' lang='lat' dir='ltr'>censet</span> <span class='ocrx_word' id='word_1_284' title='bbox 1128 3824 1158 3888; x_wconf 91' lang='lat' dir='ltr'>et</span> <span class='ocrx_word' id='word_1_285' title='bbox 1178 3822 1256 3886; x_wconf 89' lang='lat' dir='ltr'>hane</span> 
     </span>
     <span class='ocr_line' id='line_1_35' title="bbox 146 3925 1258 4017; baseline -0.004 -24"><span class='ocrx_word' id='word_1_286' title='bbox 146 3928 397 4012; x_wconf 86' lang='lat' dir='ltr'>significationem</span> <span class='ocrx_word' id='word_1_287' title='bbox 418 3931 605 4017; x_wconf 88' lang='lat' dir='ltr'>argumentis</span> <span class='ocrx_word' id='word_1_288' title='bbox 627 3933 775 3999; x_wconf 86' lang='lat' dir='ltr'>stabilivit</span> <span class='ocrx_word' id='word_1_289' title='bbox 797 3952 865 3999; x_wconf 90' lang='lat' dir='ltr'>auu.</span> <span class='ocrx_word' id='word_1_290' title='bbox 888 3931 940 3997; x_wconf 87' lang='lat'>31.</span> <span class='ocrx_word' id='word_1_291' title='bbox 963 3929 1032 3996; x_wconf 90' lang='lat' dir='ltr'>Nou</span> <span class='ocrx_word' id='word_1_292' title='bbox 1055 3947 1104 3993; x_wconf 91' lang='lat' dir='ltr'>me</span> <span class='ocrx_word' id='word_1_293' title='bbox 1123 3925 1258 4010; x_wconf 88' lang='lat' dir='ltr'>poenitet</span> 
     </span>
     <span class='ocr_line' id='line_1_36' title="bbox 146 4032 1256 4119; baseline -0.004 -22"><span class='ocrx_word' id='word_1_294' title='bbox 146 4032 175 4098; x_wconf 94' lang='lat' dir='ltr'>ei</span> <span class='ocrx_word' id='word_1_295' title='bbox 196 4035 344 4110; x_wconf 85' lang='lat' dir='ltr'>assentiri,</span> <span class='ocrx_word' id='word_1_296' title='bbox 368 4036 545 4119; x_wconf 87' lang='lat' dir='ltr'>praesertim</span> <span class='ocrx_word' id='word_1_297' title='bbox 567 4055 636 4103; x_wconf 92' lang='lat' dir='ltr'>cum</span> <span class='ocrx_word' id='word_1_298' title='bbox 657 4036 731 4102; x_wconf 88' lang='lat' dir='ltr'>haec</span> <span class='ocrx_word' id='word_1_299' title='bbox 754 4035 933 4110; x_wconf 88' lang='lat' dir='ltr'>coniectura,</span> <span class='ocrx_word' id='word_1_300' title='bbox 957 4032 1088 4100; x_wconf 91' lang='lat' dir='ltr'>simodo</span> <span class='ocrx_word' id='word_1_301' title='bbox 1103 4032 1256 4116; x_wconf 83' lang='lat' dir='ltr'>fragmen-</span> 
     </span>
     <span class='ocr_line' id='line_1_37' title="bbox 145 4131 1255 4223; baseline -0.005 -20"><span class='ocrx_word' id='word_1_302' title='bbox 145 4137 212 4203; x_wconf 89' lang='lat' dir='ltr'>tum</span> <span class='ocrx_word' id='word_1_303' title='bbox 234 4155 269 4203; x_wconf 82' lang='lat' dir='ltr'>ex</span> <span class='ocrx_word' id='word_1_304' title='bbox 290 4137 484 4206; x_wconf 74' lang='lat' dir='ltr'>Austotelieo</span> <span class='ocrx_word' id='word_1_305' title='bbox 507 4139 625 4222; x_wconf 83' lang='lat' dir='ltr'>dialogo</span> <span class='ocrx_word' id='word_1_306' title='bbox 652 4139 863 4223; x_wconf 90' lang='lat' dir='ltr'>depromptum</span> <span class='ocrx_word' id='word_1_307' title='bbox 895 4158 960 4205; x_wconf 91' lang='lat' dir='ltr'>esse</span> <span class='ocrx_word' id='word_1_308' title='bbox 989 4137 1070 4202; x_wconf 88' lang='lat' dir='ltr'>recte</span> <span class='ocrx_word' id='word_1_309' title='bbox 1098 4131 1255 4206; x_wconf 85' lang='lat' dir='ltr'>contendo,</span> 
     </span>
     <span class='ocr_line' id='line_1_38' title="bbox 145 4237 1257 4331; baseline -0.004 -24"><span class='ocrx_word' id='word_1_310' title='bbox 145 4238 244 4307; x_wconf 84' lang='lat' dir='ltr'>multo</span> <span class='ocrx_word' id='word_1_311' title='bbox 266 4239 450 4324; x_wconf 86' lang='lat' dir='ltr'>probabilior</span> <span class='ocrx_word' id='word_1_312' title='bbox 470 4241 532 4312; x_wconf 82' lang='lat' dir='ltr'>fiat</span> <span class='ocrx_word' id='word_1_313' title='bbox 576 4241 697 4310; x_wconf 83' lang='lat' dir='ltr'>lltcuim</span> <span class='ocrx_word' id='word_1_314' title='bbox 722 4238 821 4331; x_wconf 65' lang='grc' dir='ltr'>ἀρχῆς</span> <span class='ocrx_word' id='word_1_315' title='bbox 842 4240 925 4312; x_wconf 88' lang='lat' dir='ltr'>notio</span> <span class='ocrx_word' id='word_1_316' title='bbox 951 4241 1031 4326; x_wconf 87' lang='lat' dir='ltr'>apud</span> <span class='ocrx_word' id='word_1_317' title='bbox 1062 4237 1257 4306; x_wconf 75' lang='lat' dir='ltr'>Afistotdem</span> 
     </span>
    </p>
   </div>
   <div class='ocr_carea' id='block_1_3' title="bbox 1057 4380 1079 4450">
    <p class='ocr_par' dir='ltr' id='par_1_3' title="bbox 1057 4380 1079 4450">
     <span class='ocr_line' id='line_1_39' title="bbox 1057 4380 1079 4450; baseline 0 0"><span class='ocrx_word' id='word_1_318' title='bbox 1057 4380 1079 4450; x_wconf 81' lang='lat'><strong>4</strong></span> 
     </span>
    </p>
   </div>
   <div class='ocr_carea' id='block_1_4' title="bbox 0 0 1468 4580">
    <p class='ocr_par' dir='ltr' id='par_1_4' title="bbox 0 0 1468 4580">
     <span class='ocr_line' id='line_1_40' title="bbox 0 0 1468 4580; baseline 0 1"><span class='ocrx_word' id='word_1_319' title='bbox 0 0 1468 4580; x_wconf 95' lang='lat' dir='ltr'> </span> 
     </span>
    </p>
   </div>
  </div>
 </body>
</html>
