2928 4580
211 231 257 316 3'4

213 434 393 521 percensuit.
448 427 593 497 Addenda
629 434 715 512 sunt,
752 453 828 517 quae
862 432 1040 499 herrtsohius
1074 434 1182 498 Philcl.
1218 427 1323 496 X-XlX

213 561 243 624 p.
273 539 335 604 519
366 555 430 618 sqq.
460 535 496 600 de
524 535 581 599 hcc
609 534 777 620 fragmento
806 537 978 620 disputavit.
1024 538 1083 632 Sed
1109 543 1320 620 praeterquam

213 642 291 726 quod
306 643 369 706 tota
384 639 448 704 eius
462 637 562 720 opinio
578 637 766 702 artificiosior
781 642 836 720 est,
852 659 943 722 quam
957 641 991 704 ut
1006 640 1164 722 quisquam
1182 639 1319 702 assentiri

212 749 240 813 ei
261 746 366 830 possit,
389 742 622 825 disputationem
644 745 800 825 propterea
825 743 972 825 improbo,
995 744 1073 825 quod
1096 744 1126 806 iu
1149 744 1316 826 fragmento

210 848 379 936 complures
408 845 571 911 sententias
598 845 801 930 discrepantes
829 846 938 910 mixtas
966 845 1059 910 latere
1089 849 1207 920 censet,
1240 845 1317 926 quod

115 1005 118 1021 .
210 954 331 1039 quidem
353 953 388 1015 ut
408 949 486 1014 infra
508 947 761 1014 demonstrabitur
783 949 882 1015 minus
904 950 985 1014 recte
1011 947 1172 1013 contendit.
1224 947 1316 1012 Prae-

209 1060 291 1124 terea
312 1052 381 1119 vide
403 1052 626 1118 annotationem
649 1051 792 1117 Meinekii
815 1050 899 1118 stou.
922 1051 952 1115 fl.
976 1051 1021 1115 lIl
1044 1050 1135 1136 praef.
1159 1070 1187 1134 p.
1214 1049 1317 1114 XXIX

209 1157 416 1244 Ξενοφῶντος]
440 1175 519 1236 „non
542 1154 656 1234 dubito,
680 1155 751 1238 quin
773 1158 947 1240 corruptum
972 1172 1081 1219 nomen
1103 1155 1173 1219 sit.“

308 1348 414 1429 Itaque
435 1345 567 1430 primum
589 1343 755 1423 rideamne,
777 1344 923 1427 numquid
945 1347 975 1409 in
1004 1345 1078 1430 ipsis
1107 1347 1205 1410 verbis
1234 1347 1314 1427 insit,

207 1452 326 1535 quoda
354 1448 562 1534 Xenophontis
592 1466 729 1512 sermone
756 1448 887 1513 alienum
917 1449 965 1512 sit.
1017 1446 1082 1529 Qua
1110 1449 1141 1514 iu
1170 1469 1201 1514 re
1232 1469 1315 1516 ccm-

204 1554 297 1640 probo
321 1553 445 1638 Sauppii
466 1551 656 1630 sententiam,
680 1551 732 1634 qui
752 1551 819 1634 ipsa
841 1550 900 1614 loci
922 1550 1013 1614 verba
1038 1569 1134 1632 neque
1164 1551 1315 1618 advorsari

204 1660 306 1724 censet
334 1675 428 1740 neque
457 1655 637 1740 patrocinari
665 1672 767 1719 eorum
795 1652 915 1732 ludium,
944 1651 1052 1734 quibus
1081 1650 1311 1738 Xenophontem

203 1760 315 1827 lihmm
344 1759 380 1824 de
410 1757 584 1843 Theognide
606 1757 818 1842 conscripsisse
841 1755 995 1841 probabile
1016 1755 1116 1820 visum
1139 1757 1188 1822 sit.
1232 1757 1313 1824 Nam

203 1862 294 1928 dictio
316 1863 422 1945 γεννᾶν
438 1857 470 1938 ἐξ
493 1855 633 1944 ἀλλήλων
649 1859 758 1926 similis
773 1862 819 1924 est
833 1860 881 1938 iis,
897 1877 973 1941 quae
988 1859 1066 1944 apud
1082 1859 1312 1944 Xenophontem

201 1965 371 2033 Ocmmcut.
394 1964 448 2043 IV,
464 1963 538 2043 423
553 1961 699 2048 legimus:
721 1982 792 2040 τους
807 1960 840 2042 ἐξ
856 1959 998 2046 ἀλλήλων
1013 1964 1311 2050 παιδοποιουμένους,

201 2090 256 2136 nec
277 2069 375 2154 magis
389 2067 538 2132 offendere
554 2068 653 2150 potest
668 2067 873 2133 anacoluthia:
896 2051 984 2152 κᾷτα
998 2063 1159 2151 ptissana
1174 2065 1209 2132 τὸ
1227 2071 1312 2154 γένος

199 2176 260 2239 τῶν
287 2168 457 2257 ἀνδρώπων
485 2165 594 2235 κάκιον
624 2165 674 2235 ἀεὶ
703 2167 881 2256 μιγνύμενον
909 2165 945 2233 το
975 2176 1074 2253 χεῖρον
1103 2173 1147 2257 τῷ
1172 2173 1310 2256 βελτίονι,

199 2275 340 2360 quoniam
363 2272 437 2338 talia
458 2291 495 2337 ne
517 2291 535 2336 a
557 2272 763 2359 Xenophontis
786 2273 907 2356 quidem
928 2271 1070 2353 loquendi
1096 2277 1309 2342 consuetudine

199 2379 298 2444 aliena
326 2381 405 2457 suut,
434 2378 469 2440 ut
497 2378 621 2460 apparet
648 2396 684 2441 ex
711 2375 780 2442 Ooc.
812 2377 894 2456 VIII,
919 2376 969 2442 28.
998 2375 1165 2443 Commeat.
1194 2381 1233 2458 ΙΙ,
1258 2381 1310 2460 2‚h

198 2479 250 2568 (of.
279 2479 445 2565 Sauppium
472 2476 566 2542 herii.
596 2478 673 2544 Xen.
702 2500 731 2565 p.
762 2482 803 2547 89
826 2479 869 2565 b).
915 2478 986 2544 Sola
1007 2480 1081 2544 haec
1107 2481 1308 2557 inveniuntur,

197 2605 273 2670 quae
294 2581 486 2669 Xenophonti
507 2599 567 2647 nou
588 2581 746 2648 videantur
766 2585 859 2649 tribui
880 2602 983 2669 posse:
1006 2583 1061 2649 καί
1085 2581 1200 2672 ἔστινὴ
1222 2587 1307 2678 τοίη-

196 2710 242 2766 σις
265 2687 453 2774 σύγγραμμα
474 2683 543 2770 περὶ
565 2683 745 2773 αἰνὲιοώτον.
794 2688 874 2753 Nam
903 2687 1060 2752 offensioni
1089 2696 1152 2768 est,
1184 2697 1217 2756 ut
1246 2694 1307 2759 iam

196 2792 374 2858 Leutschius
398 2789 523 2867 notavit,
546 2790 625 2873 quod
647 2789 830 2877 Theognidis
854 2791 967 2876 elegiae
990 2787 1179 2877 σύγγραμμα
1205 2799 1308 2882 appol-

193 2895 304 2974 lantur,
330 2893 472 2979 quoniam
494 2893 564 2960 talis
585 2894 725 2961 vocabuli
754 2914 825 2962 usus
853 2912 912 2961 nou
939 2894 1039 2959 solum
1060 2916 1078 2959 a
1099 2895 1307 2983 Xenophontis

194 2999 362 3066 elocutione
385 2997 436 3081 (ci.
460 2995 628 3062 Comment.
653 2998 706 3077 lv,
730 2998 805 3080 alo
826 2993 1006 3082 πολλὰγὰρ
1028 2995 1083 3062 καὶ
1107 2999 1217 3086 ἰατρῶν
1241 3004 1307 3071 ἐστι

194 3099 442 3189 συγγράμματα)
473 3100 526 3166 sed
558 3101 679 3166 omuino
713 3121 731 3168 a
765 3102 948 3168 Graecorum
984 3121 1119 3167 sermone
1157 3107 1305 3174 abhorret.

192 3201 394 3292 Σύγγραμμα
416 3203 495 3268 enim
518 3202 628 3269 dicitur
649 3204 857 3271 tantummodo
878 3203 915 3269 de
936 3203 1023 3268 libris
1046 3208 1160 3292 exiguis
1176 3210 1306 3295 pedestri

192 3307 326 3372 oratione
349 3305 533 3392 conscriptis,
556 3325 683 3391 quorum
707 3311 918 3394 argumentum
940 3306 1116 3393 plerumque
1142 3312 1180 3376 ad
1208 3315 1304 3379 artifi-

190 3427 261 3478 cum
283 3412 314 3477 et
335 3410 521 3475 medicorum
543 3413 573 3476 et
595 3411 843 3500 philosophorum
864 3414 895 3476 et
915 3411 1049 3476 militum
1079 3415 1206 3481 artificia
1236 3437 1305 3504 per-

189 3511 274 3580 tinet.
326 3512 529 3594 Quamobrem
558 3515 624 3580 inre
653 3514 796 3583 Sitzlerus
826 3515 960 3601 Theogn.
990 3517 1056 3582 rell.
1088 3520 1201 3606 proleg.
1232 3543 1259 3609 p.
1284 3524 1305 3590 5

188 3615 246 3684 hoc
267 3617 448 3684 vocabulum
471 3615 556 3690 uocis
579 3619 712 3685 seclusit.
757 3618 817 3685 Sed
844 3618 916 3704 quid
946 3639 1049 3686 revera
1078 3623 1114 3688 de
1144 3624 1200 3689 hac
1231 3645 1304 3692 voce

189 3717 381 3788 statuendum
403 3719 541 3814 videatur
562 3721 640 3788 infra
661 3723 931 3790 demonstrabitur·

288 3891 469 3978 Priusquam
503 3897 604 3963 autem
640 3896 759 3984 longius
795 3898 1037 3984 progrediamur,
1073 3901 1154 3966 haud
1190 3899 1299 3968 inutile

187 3991 321 4074 videtur,
351 3999 475 4084 Bergkii
496 4001 699 4066 coniecturam
722 4002 920 4083 considerare,
942 4003 993 4086 qui
1016 4003 1049 4069 P.
1076 4005 1110 4070 L.
1136 4006 1162 4069 ll
1185 4028 1213 4091 p.
1236 4009 1299 4073 491

187 4098 223 4164 de
251 4102 308 4166 hoc
335 4101 430 4183 libro,
462 4123 552 4187 quem
582 4123 607 4191 a
621 4104 819 4192 Xenophonte
842 4107 878 4172 de
901 4106 1075 4192 Theognidc
1097 4111 1299 4196 conscriptum

186 4221 251 4272 esse
274 4207 451 4290 autumant,
481 4208 525 4274 sic
551 4207 682 4278 iudicata
712 4210 941 4302 „Xenophontis
967 4211 1016 4280 hic
1044 4212 1121 4280 liber
1150 4233 1299 4300 nusquam
