2928 4580
192 209 212 283 6
255 281 256 284 ,

193 405 334 493 paediam
355 427 424 477 cnm
446 405 613 495 Republica
633 405 792 477 Platonica
812 407 998 494 comparant
1022 405 1076 496 (ci.
1099 406 1178 479 (icil.
1204 407 1246 479 N.
1268 407 1306 478 A.

192 512 276 595 XXV,
299 514 362 594 3,3.
412 516 450 581 A.
480 513 603 596 Xrohn,
636 513 861 597 Sohratesund
886 513 1053 598 Xenophon
1082 535 1111 601 p.
1140 516 1204 599 74.)
1248 514 1307 582 Sed

193 637 376 702 quamquam
398 618 487 684 ambo
510 619 547 684 61
564 619 669 686 eadem
683 619 824 705 prosapia
838 621 909 685 sunt
922 619 1049 704 proiecti
1065 621 1095 685 et
1110 639 1179 686 cum
1193 619 1305 686 ‘iisdem

192 725 253 790 fere
286 724 392 790 amicis
424 743 443 790 a
475 742 568 809 puero
602 723 816 790 consuetudine
846 723 996 789 coniuncti
1026 723 1163 800 fuerunt,
1193 727 1228 789 ut
1255 743 1308 808 per

192 829 289 895 totam
317 828 413 894 vitam
444 828 581 914 cognatio
611 829 773 894 manifesta
793 829 946 902 maneret.
974 830 1076 893 tamen
1103 828 1195 892 etiam
1218 827 1307 892 dissi-

193 931 379 998 militudines
400 931 481 998 haud
504 932 627 1018 exiguae
649 933 727 998 inter
748 950 799 998 eos
820 931 1063 998 intercesserunt.
1108 931 1194 998 Alter
1224 932 1303 997 enim

193 1035 439 1120 aphilosophiae
463 1022 579 1102 studiis
608 1054 765 1119 nunquam
791 1035 931 1114 recessit,
963 1035 1039 1100 alter
1068 1035 1196 1100 simulac
1226 1037 1308 1101 aetas

193 1159 229 1208 ex
252 1138 384 1206 Socratis
405 1140 580 1226 magisterio
604 1140 740 1219 excessit,
763 1138 822 1204 dux
856 1138 1068 1204 celeberrimus
1096 1139 1208 1216 evasit;
1239 1158 1308 1204 cum
1429 1218 1431 1224 ,

193 1247 296 1311 autem
318 1245 417 1312 solum
439 1245 587 1322 vertisset,
604 1245 642 1310 ad
658 1244 753 1311 otium
768 1242 910 1309 recedens
925 1242 1015 1308 rebus
1030 1243 1152 1309 rusticis
1168 1262 1199 1308 66
1215 1243 1308 1309 dedit.

194 1347 292 1430 Quare
312 1347 393 1414 haud
413 1348 521 1415 inutile
543 1348 671 1429 6116161,
688 1366 815 1432 quorum
830 1346 1023 1431 potissimum
1039 1348 1196 1430 poetarum
1213 1366 1308 1431 quan·

115 1486 118 1500 .
193 1453 316 1536 tamque
343 1453 483 1518 notitiam
515 1452 622 1536 prodat
654 1451 821 1534 Xenophon
855 1469 996 1534 quaerere
1031 1459 1061 1515 et
1094 1449 1309 1536 Sengebuschii

193 1555 339 1623 iudicium
366 1555 497 1643 (dissert.
526 1556 690 1622 Homerica
717 1556 742 1620 l.
765 1574 795 1638 p.
821 1555 918 1638 1311),
942 1553 1021 1637 quod
1043 1554 1094 1637 qui
1115 1555 1191 1639 legit
1212 1559 1309 1618 lacere

194 1678 253 1726 non
267 1660 368 1743 potest
388 1659 461 1742 quin
482 1659 643 1743 improbet,
664 1659 697 1724 in
719 1656 852 1723 severius
873 1675 980 1723 vocare
1004 1677 1128 1726 examen
1151 1659 1223 1728 etsi
1245 1658 1307 1725 fieri

194 1765 296 1847 potest
317 1763 475 1848 corrigere.

297 1899 357 1967 Sed
378 1900 438 1967 alia
459 1921 576 1986 quoque
598 1903 713 1969 accedit
728 1921 828 1980 causa,
845 1920 897 1967 cur
912 1919 947 1967 ex
962 1901 1171 1984 Xenophontis
1186 1901 1307 1986 scriptis

195 2004 297 2071 omnia
325 2004 362 2072 de
390 2006 487 2088 poetis
515 2007 596 2074 dicta
625 2007 765 2093 colligere
793 2023 899 2090 operae
920 2004 1212 2089 pretiumvideatur
1233 2025 1309 2071 esse.

195 2107 337 2176 Oratione
359 2109 440 2175 enim
461 2110 528 2193 ipsa
550 2115 580 2176 61
602 2111 770 2178 elocutione
792 2110 857 2176 eius
878 2108 1071 2186 adducimur,
1103 2111 1137 2175 ut
1163 2129 1310 2194 quosnam
1350 2133 1355 2137 ·

195 2212 388 2298 potissimum
403 2215 507 2297 poetas
522 2215 708 2282 adamaverit
723 2216 753 2280 61
767 2214 800 2278 16
815 2212 931 2279 deliciis
945 2212 1085 2278 habuerit
1105 2215 1311 2292 sciscitemur;

195 2337 267 2384 nam
288 2319 350 2384 iam
373 2319 538 2403 antiquitus
560 2339 608 2386 res
629 2320 688 2386 fuit
708 2319 877 2396 notissima,
903 2305 1136 2400 Xenophontem
1160 2320 1311 2400 permulta

194 2421 341 2488 vocabula
362 2422 574 2508 glossematica
598 2428 628 2490 et
647 2425 765 2509 poetica
792 2421 920 2488 orationi
944 2421 1126 2487 immiscere.
1164 2420 1311 2503 Quocirca

196 2545 232 2591 ex
254 2525 337 2592 nullo
360 2527 504 2610 scriptore
526 2529 613 2612 plura
635 2528 791 2606 vocabula,
815 2527 966 2610 quaeant
992 2543 1027 2590 ex
1055 2527 1213 2607 poetarum
1242 2545 1310 2592 ora-

195 2629 277 2694 tione
298 2631 350 2696 aut
372 2650 407 2698 ex
428 2632 622 2699 Doriensium
637 2635 781 2699 Ionumve
802 2630 931 2696 dialecto
946 2628 1104 2706 fluxerunt,
1121 2648 1139 2694 a
1157 2649 1310 2714 gramma-

196 2733 265 2800 ticis
294 2735 446 2802 veteribus
476 2739 620 2803 annotata
649 2736 819 2803 invenimus
850 2741 941 2817 quam
975 2751 991 2798 6
1020 2732 1218 2817 Xenophonte
1258 2735 1310 2820 (cf.

197 2836 384 2904 Lobeckium
413 2839 451 2905 ad
480 2840 641 2926 Phrynich.
672 2861 702 2924 p.
732 2840 773 2906 89
804 2835 863 2924 sq.)
913 2835 971 2902 Sed
1001 2854 1036 2900 ea
1064 2855 1112 2902 res
1138 2838 1200 2902 tam
1223 2856 1312 2921 saepe

197 2940 326 3005 tractata
356 2942 419 3021 est,
452 2943 487 3008 nt
515 2945 634 3010 tantum
662 2963 722 3010 non
750 2941 915 3009 molestum
944 2938 984 3003 sit
1005 2938 1211 3018 dinumerare,
1241 2941 1313 3025 quid

198 3041 325 3126 quisque
357 3044 394 3109 ad
422 3046 500 3112 hanc
528 3067 593 3114 rem
621 3046 833 3113 illustrandam
855 3041 1006 3121 attulerit,
1039 3044 1216 3126 praesertim
1242 3065 1312 3110 cum

197 3144 276 3210 1666
306 3165 369 3213 rem
398 3151 518 3232 penitus
546 3153 728 3235 pertractare
757 3169 775 3214 a
804 3149 906 3212 nestro
933 3146 1086 3228 proposito
1109 3147 1240 3214 alienum
1263 3150 1311 3214 sit.

199 3247 386 3334 Quapropter
407 3253 465 3318 hoc
486 3254 553 3320 loco
576 3255 688 3321 suflicit
710 3254 748 3320 ad
771 3253 808 3317 (i.
833 3250 958 3332 Sauppii
981 3248 1016 3312 de
1039 3249 1096 3314 hac
1124 3271 1155 3316 re
1176 3253 1312 3337 disputa-

200 3352 314 3430 tionem
331 3355 501 3422 uberiorem
516 3359 648 3445 relegare
664 3379 712 3443 op.
735 3359 812 3424 Xen.
836 3353 896 3421 vol.
919 3353 943 3416 Ι.
965 3371 986 3435 p
1017 3352 1092 3417 XIV
1115 3363 1185 3438 sqq;
1208 3358 1266 3423 vol.
1285 3359 1312 3422 V

198 3475 228 3539 p.
261 3458 324 3523 298
355 3478 425 3542 sqq3
458 3461 552 3528 Lexil.
582 3462 773 3547 Xenophont.
824 3458 937 3523 Nostra
962 3457 1064 3520 autem
1085 3457 1116 3521 in
1139 3462 1313 3542 quaestione

198 3559 276 3625 hano
302 3581 367 3628 rem
396 3563 439 3629 ita
468 3567 678 3633 tantummodo
708 3566 856 3648 attingere
885 3558 1046 3636 debemus,
1077 3564 1111 3624 ut
1143 3566 1236 3630 totius
1270 3568 1313 3632 rei

199 3682 321 3729 causam
344 3665 594 3736 demonstremus.
639 3671 745 3754 Itaque
767 3667 846 3752 quod
867 3661 1035 3744 Xenophon
1057 3669 1208 3745 permulta
1238 3671 1312 3734 ulie.

197 3785 305 3832 narum
321 3768 518 3839 dialectorum
532 3773 689 3847 vocabula,
705 3792 781 3857 quae
796 3767 912 3852 respuit
926 3765 1138 3836 Atticistarum
1158 3774 1312 3847 severitas.

197 3869 230 3934 in
251 3890 421 3940 sermonem
443 3895 532 3942 suum
554 3879 700 3944 asciscere
721 3897 781 3943 666
804 3869 963 3948 dubitavit,
988 3869 1052 3934 eius
1066 3873 1109 3937 rei
1124 3875 1154 3940 in
1170 3882 1312 3962 promptu

198 3976 244 4041 est
266 3977 439 4060 explicatio,
473 3983 503 4048 et
525 3983 587 4048 iam
610 3983 770 4049 Helladius
792 3979 872 4064 apud
894 3973 1038 4040 Photium
1060 3975 1133 4042 bibl.
1158 3982 1222 4046 cod.
1251 3984 1313 4050 279

195 4098 226 4163 p.
249 4078 312 4146 533
335 4080 355 4145 b
378 4082 420 4147 25
442 4103 486 4167 sq.
508 4104 573 4152 rem
595 4086 639 4151 ita
660 4085 825 4171 expedivit:
851 4081 878 4148 et
901 4075 934 4145 δὲ
957 4073 1014 4141 καὶ
1041 4085 1180 4176 Ξενοφῶν
1211 4084 1314 4173 εἴρηκε

195 4202 268 4258 τους
294 4191 405 4268 νομεῖς,
435 4182 521 4252 οὐδὲν
550 4187 746 4274 ι1661666616,
777 4183 853 4274 ἀνὴρ
889 4188 920 4253 a
947 4193 1131 4286 Ιστρατείοιις
1154 4187 1314 4276 σχολάζων
