2928 4580
1240 204 1281 277 23

177 415 295 503 seriptis
318 417 381 484 eius
403 415 569 486 ooourrunt.
593 433 628 482 ex
650 413 758 500 quibus
779 407 904 476 Hesiodi
928 412 957 474 et
979 411 1109 494 eoqnido
1131 405 1161 472 et
1180 404 1278 476 nultus

175 522 422 596 diligentissimus
445 523 576 605 apparet.
621 519 666 585 Ao
687 518 819 602 primum
842 536 892 583 eos
915 520 1000 603 ¹Ioeos
1030 515 1277 600 oontemplemur,

174 627 226 694 ubi
247 629 281 692 ut
302 632 493 710 praeseptum
517 624 635 708 atiquod
658 622 847 688 oommendet
876 623 913 688 ad
942 624 1068 690 Hesiodi
1097 621 1276 706 sapientiam

173 731 330 814 adscriptis
352 731 486 797 versibus
508 730 613 813 poetae
638 729 788 812 provooat.
839 727 899 794 Ubi
929 728 1065 795 Soorates
1093 730 1128 792 ut
1158 725 1278 791 virtutis

172 835 377 918 impetrandae
410 853 499 899 onusa
530 833 666 898 homines
697 832 816 898 labores
843 832 970 897 subeant
999 835 1029 897 et
1056 833 1119 898 vita
1148 831 1279 896 delioata

173 938 342 1004 abstineant
363 936 563 1012 commendat,
585 935 658 1001 oitat
679 954 782 1001 versus
804 937 1028 1003 eeleberrimos:
1060 962 1116 1011 nno
1139 933 1194 1022 μὲν
1216 956 1276 1020 γαρ

171 1038 337 1128 κακότητα
357 1045 425 1107 κτλ.
437 1042 460 1123 ¹)
503 1041 568 1104 Iam
590 1038 626 1102 de
647 1039 693 1104 ira
707 1039 831 1105 deonrm
846 1042 992 1124 planando
1006 1042 1153 1107 disserens
1169 1037 1275 1124 (Gom-

170 1148 262 1210 ment.
287 1147 309 1220 Ι,
332 1145 398 1231 3,6)
421 1145 458 1210 ad
480 1143 605 1210 Hesiodi
628 1145 837 1210 auotoritatem
859 1147 995 1228 oonfuqit
1017 1149 1047 1212 et
1067 1148 1102 1212 ut
1129 1163 1183 1228 pro
1214 1141 1276 1206 suis

170 1249 295 1332 quisque
316 1249 429 1315 viribus
451 1248 596 1316 sacrificia
625 1247 716 1313 fedat
742 1250 962 1332 praeseribit).
1015 1245 1276 1330 Quemadmodum

170 1353 271 1419 autem
301 1354 577 1442 hoopraeoeptum
607 1353 699 1419 latius
728 1347 830 1436 patere
858 1356 947 1438 atque
976 1354 1067 1420 etiam
1097 1353 1130 1418 in
1163 1350 1276 1416 amieos

169 1458 273 1525 eadere
296 1459 414 1524 uolebat
445 1459 488 1524 ita
511 1457 694 1542 (sennenn
717 1459 742 1533 Ι,
766 1459 958 1543 aes-57)
982 1458 1063 1524 alind
1084 1455 1211 1520 Hesiodi
1236 1454 1273 1519 de

169 1582 201 1628 re
221 1566 333 1628 rustino
355 1563 485 1629 dietum:
507 1561 592 1648 ἔργον
616 1559 738 1629 δὀὐδὲν
759 1558 874 1641 ’ὄνειδος
896 1561 1001 1650 ἀεργίη
1029 1563 1064 1630 δέ
1091 1557 1275 1644 τ’ὅνειδοςθ)

169 1665 206 1732 ad
228 1668 372 1731 rationem
396 1666 515 1733 vivendi
538 1666 696 1748 omniaque
717 1666 838 1749 negotia
864 1669 944 1733 reate
967 1665 1152 1748 exsequenda
1172 1667 1272 1728 trans·

167 1768 243 1835 ferre
266 1770 390 1835 solebat.
429 1769 540 1836 Omnes
555 1769 587 1836 hi
601 1788 705 1834 versus
720 1787 755 1834 ex
773 1768 920 1853 Operibus
936 1772 966 1836 et
981 1769 1085 1835 diebus
1106 1765 1275 1850 deprompti

168 1875 246 1939 sunt.
290 1874 372 1939 Num
395 1875 454 1938 aba
477 1891 594 1958 quoque
616 1872 749 1937 earmina
771 1874 920 1941 Hesiodea
948 1874 1119 1954 ooqrnoverit
1148 1872 1272 1938 dubium

167 1979 221 2059 est¹
245 1978 484 2062 quandoquidem
506 1978 623 2044 nullum
646 1977 710 2043 eius
732 1978 775 2042 rei
789 1979 950 2063 vestigium
967 1980 1072 2044 exstat.
1111 1979 1155 2042 Ho
1174 1977 1273 2056 magis

165 2084 197 2148 in
219 2083 336 2149 delitiis
356 2081 463 2148 habrdt
483 2081 610 2150 Hesiodi
632 2079 707 2169 ἔργα
736 2080 791 2149 καὶ
818 2079 948 2170 ἡμέρας,
979 2084 1088 2166 quippe
1117 2101 1186 2146 oum
1215 2080 1273 2145 hoo

166 2188 265 2253 totum
288 2207 407 2253 oarmen
430 2187 467 2252 ad
489 2207 553 2252 rem
575 2185 719 2250 rusticam
741 2186 830 2268 atque
852 2187 947 2252 vitem
961 2187 1037 2254 bene
1055 2184 1271 2252 instituendam

165 2291 330 2375 pertineat,
361 2289 528 2370 Xenophon
558 2291 658 2354 autem
687 2289 794 2355 harum
818 2309 923 2356 rerum
953 2311 1013 2357 non
1038 2290 1128 2356 modo
1154 2307 1274 2372 semper

166 2394 317 2460 studiosus
336 2377 437 2462 inerit
460 2412 564 2457 verum
587 2392 678 2457 etiam
701 2391 737 2456 de
759 2389 867 2458 iisdem
885 2394 975 2460 rebus
990 2396 1148 2478 praecepta
1162 2392 1272 2459 litteris

169 2497 328 2563 mandant.
371 2498 405 2562 In
429 2495 626 2563 Oeconomico
648 2495 749 2581 igitur.
774 2497 858 2563 ouius
879 2500 1090 2582 argumentum
1113 2517 1223 2580 magna
1238 2517 1273 2563 ex

165 2602 300 2686 partein
328 2601 434 2667 iisdem
464 2601 553 2667 rebus
579 2600 744 2666 mactandis
772 2602 861 2685 atque
890 2603 1016 2670 Hesiodi
1044 2602 1121 2667 illud
1149 2587 1295 2666 oarmen‘

164 2707 313 2779 versatur,
349 2706 467 2786 saepius
499 2724 559 2770 non
591 2703 692 2769 addito
724 2706 846 2772 nomine
877 2708 1024 2773 rationem
1059 2706 1123 2771 eius
1155 2704 1271 2771 habuit.

163 2810 267 2893 Itaque
300 2811 371 2892 puto
405 2828 473 2874 eum
506 2808 637 2891 lepidam
674 2809 810 2875 sueorum
847 2811 1101 2894 eomparatIonem
1136 2808 1270 2874 Hesiodo

161 2914 278 2992 debere,
302 2934 371 2980 oum
393 2912 571 2996 praesertim
593 2912 685 2978 verba
706 2912 772 2996 ipsa
788 2915 874 2996 quusi
889 2914 1098 2998 eognationem
1120 2911 1269 2995 quandam

159 3019 288 3102 prodant
311 3017 393 3103 (Oea.
418 3017 515 3086 XVII.
540 3017 581 3082 14
611 3067 647 3080 ..
675 3065 680 3078 .
713 3015 810 3103 ὥσπερ
838 3017 866 3084 οἱ
892 3021 1029 3105 κηφῆνες
1056 3012 1270 3103 διαρπάζουσιν

156 3119 310 3208 ,άχργστοι
329 3116 416 3198 ὄντες
437 3121 498 3187 τῶν
520 3123 668 3206 μελιττῶν
691 3117 713 3186 ἃ
736 3115 772 3184 ἂν
795 3120 909 3186 ἐκεῖναι
930 3117 1138 3207 ἐργασάμεναι
1155 3140 1270 3205 τροφην

160 3227 374 3292 καταὶιῶνται.
420 3224 483 3288 Hes
517 3243 554 3304 op
587 3244 615 3288 ν.
639 3222 703 3286 304
723 3241 787 3305 sqq.
811 3273 818 3287 .
846 3274 852 3287 .
883 3275 889 3288 .
919 3221 1088 3310 xqpo'oeoon
1108 3217 1270 3305 uobodpors

162 3326 280 3403 εἴκελος
301 3322 407 3413 ὁρμήν,
432 3327 495 3393 οἵτε
518 3324 691 3411 μελισσάων
705 3323 849 3410 κάματον
871 3324 1030 3412 τρύχουσιν
1045 3322 1148 3410 ἀεργοὶ
1163 3321 1269 3391 dobne-

160 3431 235 3512 τες.)
258 3432 346 3512 atqrre
368 3431 459 3495 etiam
486 3429 574 3494 PIato
603 3429 730 3494 eundem
761 3427 888 3495 Hesiodi
914 3428 1014 3494 looum
1043 3428 1147 3494 afferat
1173 3427 1267 3511 Legg.

162 3533 191 3598 X
206 3533 267 3598 901
284 3533 431 3618 Ατρνφῶν
442 3528 498 3598 καὶ
510 3528 629 3618 ἀμελης
642 3528 735 3618 ἀργός
745 3556 790 3612 τε,
801 3531 837 3598 ‘ds
855 3529 870 3598 i>
888 3555 1018 3620 ποιητης
1028 3535 1145 3619 κηφῆσι
1155 3527 1268 3598 κολού-

161 3657 236 3722 ροισι
259 3633 396 3720 μάλιστα
419 3631 535 3700 εἴκελον
562 3630 696 3719 ἔφασκεν
719 3628 821 3701 εἶναι.
843 3635 1011 3700 ..Deinde
1041 3633 1267 3701 deleberrimum

162 3738 288 3803 Hesiodi
303 3738 416 3802 dietum
433 3756 478 3817 op.
496 3757 525 3800 ν.
538 3737 580 3802 40
590 3735 651 3822 ὅσῳ
663 3738 752 3802 πλέον
764 3734 857 3822 ἥμισυ
869 3736 985 3816 παντός
995 3738 1225 3821 Xenophontem
1236 3735 1267 3800 in

159 3861 245 3906 suurn
268 3861 356 3906 usum
391 3839 573 3905 eonvertisse
598 3839 726 3903 editores
752 3840 1003 3921 annotaverunt4)
1029 3840 1060 3903 et
1085 3856 1153 3903 oum
1178 3837 1266 3901 Plato

262 3979 285 4043 ¹)
302 3978 448 4033 Comment.
467 3977 503 4041 11,
524 3978 590 4041 130.
609 3978 671 4032 Hes.
690 3993 731 4045 op.
749 3976 896 4031 287—92.

262 4067 284 4136 1)
303 4067 365 4121 Hes.
385 4082 425 4135 op.
445 4066 504 4120 336.

260 4153 282 4214 ⁸)
301 4151 365 4208 ibid.
384 4169 408 4203 v.
428 4153 486 4207 371.

134 4266 136 4272 ¹
260 4239 286 4312 θ)
304 4239 366 4296 Οεο.
383 4239 442 4303 ΧΧ,
463 4239 509 4303 175
527 4237 607 4295 Hiero
625 4235 701 4299 VIII,
719 4235 745 4290 4.
