2928 4580
186 251 228 324 42

189 445 252 514 tam
273 444 335 516 late
356 447 450 534 patet,
471 449 506 518 ut
528 447 669 532 „omnino
698 471 786 535 saepe
812 449 947 546 dubites,
976 451 1077 520 utrum
1101 445 1299 542 dppr'punice

189 551 309 620 initium
333 553 490 639 significet,
514 576 551 622 an
574 557 633 622 alia
655 557 801 640 quaedam
822 557 920 632 notio,
950 557 1101 642 imprimis
1123 558 1204 624 notio
1226 543 1306 624 cau-¹

192 677 252 738 sae,
276 658 465 746 accedat.“¹)
509 660 608 745 Atque
629 660 661 727 in
683 660 750 727 aliis
771 661 860 727 huius
883 661 996 745 dialogi
1017 655 1193 747 fragmentis
1216 657 1300 747 ἀρχή

192 761 371 830 vccabulum
394 764 533 848 principii
555 766 675 832 notione
700 765 864 832 identidem
896 765 1053 832 adhibetur
1083 765 1135 848 (cf.
1167 765 1304 848 Bernap‘s

193 867 214 933 l.
237 867 258 933 l.
281 867 355 934 Man
377 869 501 934 erhennt
521 869 587 936 hier
608 869 739 936 diesslbe
761 869 958 955 Anuendung
979 871 1032 935 der
1057 869 1187 953 Begriffe
1219 864 1304 952 ἀρχή

195 971 240 1036 als
263 972 446 1049 ,lnitiatiuet
469 973 581 1040 welche
604 975 652 1040 thr
674 974 732 1039 alla
755 974 862 1039 Thalle
884 974 937 1039 des
958 974 1210 1058 peripatetischen
1230 969 1306 1056 Sys-

195 1077 275 1141 tems
297 1095 329 1142 so
352 1075 475 1162 wichtig
496 1076 593 1159 wind.)
637 1075 735 1158 Quare
756 1078 854 1144 locum
879 1078 966 1155 illum
983 1077 1218 1144 devertendum
1239 1092 1306 1140 esse

197 1198 320 1254 censeo:
349 1177 425 1246 Was
451 1199 513 1246 nun
542 1169 604 1246 ᾱθνν
627 1182 872 1266 ausgangspunkt
902 1181 946 1266 (in
973 1183 1071 1248 seiner
1090 1179 1305 1258 beurtheilung

197 1283 417 1350 menschlicher
445 1281 543 1376 cipes-d
571 1284 632 1378 und
662 1284 774 1369 κακία)
803 1285 936 1362 betriht,
966 1284 1024 1350 den
1052 1306 1084 1351 er
1111 1285 1161 1352 bei
1192 1282 1308 1348 seinem

89 1457 93 1467 ,
198 1387 319 1454 dichten
342 1408 378 1454 zu
399 1388 513 1474 grande
534 1389 616 1473 legt,
647 1407 680 1454 so
701 1389 782 1454 hann
807 1389 856 1454 ioh
885 1389 987 1456 diesen
1016 1409 1073 1454 nur
1101 1387 1244 1473 billigen;
1276 1404 1310 1448 er

199 1491 273 1576 geht
300 1491 433 1558 namlicb
463 1510 517 1557 vor
542 1493 633 1559 allem
655 1512 709 1558 aus
730 1511 787 1558 uon
811 1493 863 1558 der
884 1493 971 1562 edeln
993 1493 1108 1579 geburt.
1132 1490 1310 1556 -Statim

201 1597 325 1680 apparet
353 1597 385 1662 in
412 1598 548 1679 sequenti
576 1598 746 1664 enuntiato:
781 1593 855 1686 ᾤετο
885 1595 945 1684 γάρ
973 1635 1013 1645 -
1041 1595 1155 1683 otperht
1176 1593 1234 1682 εἴη,
1257 1591 1310 1657 ubi

202 1699 386 1785 Theognidis
406 1700 551 1772 iudicium
574 1702 754 1785 explicatur,
784 1697 968 1787 γεννήσαντα
997 1701 1169 1783 corruptum
1193 1716 1257 1762 esse
1280 1681 1331 1760 at'
1453 1691 1454 1776 i

203 1801 393 1870 scribendum
416 1824 481 1870 esse
502 1804 700 1892 γεννήσαντα.
752 1804 833 1870 Nam
861 1804 963 1888 inepte
992 1804 1118 1869 dicitur:
1147 1821 1236 1868 nemo
1266 1801 1313 1864 est
1453 1819 1454 1870 1

202 1909 309 1985 honus,
331 1910 390 1976 nisi
412 1911 482 1975 sunt
502 1909 584 1987 honi,
606 1909 657 1994 qui
680 1914 749 1974 eum
764 1906 951 1995 (aliquando)
966 1908 1097 1994 genituri
1113 1908 1191 1974 sunt.
1229 1903 1316 1986 Quo-¹

205 2014 284 2080 circa
305 2012 484 2080 Welcherus
504 2015 525 2080 l.
548 2014 570 2079 l.
593 2035 622 2096 p.
645 2013 716 2078 LVI
736 2014 798 2078 iam
820 2012 940 2078 silentio
962 2009 1153 2098 γεννήσαντα
1179 2009 1314 2077 restituit

205 2118 338 2203 itemque
366 2117 535 2184 Brunehius
562 2135 674 2202 gnom„
693 2118 799 2199 poetae
830 2135 873 2202 gr.
904 2112 934 2198 p.v
965 2115 1038 2190 280,
1068 2115 1120 2180 ubi
1148 2116 1206 2180 hoc
1232 2114 1315 2197 frag-

206 2223 342 2289 mentum
354 2241 412 2303 „ex
421 2221 496 2308 Reg.
509 2221 573 2288 cod.
587 2219 791 2305 nosespmnf‘
803 2219 968 2304 proposuit,
980 2219 1103 2303 praebet
1114 2214 1314 2305 γεννήσαντα.

310 2431 392 2514 Quae
414 2451 483 2499 cum
504 2432 548 2498 ita
569 2431 640 2508 sint,
662 2429 760 2512 priore
780 2428 942 2514 hagmenti
963 2428 1048 2511 parte
1072 2425 1142 2492 inda
1164 2425 1202 2491 ab
1227 2423 1315 2500 initio

209 2554 303 2619 usque
331 2535 370 2602 ad
397 2535 490 2602 verba
519 2533 632 2622 ἀγαὶνα
661 2531 709 2620 εἴη
739 2533 774 2597 in¹
799 2532 973 2598 uniuersum
996 2531 1152 2596 dumtaxat
1171 2528 1320 2594 tractetur

211 2639 394 2720 Theognidis
416 2640 453 2705 de
474 2638 632 2706 nobilitate
654 2635 802 2703 sententia
824 2637 854 2721 et
875 2634 988 2719 regula,
1012 2653 1104 2718 quam
1124 2633 1156 2698 in
1186 2629 1319 2698 homini-

210 2742 267 2808 bus
289 2743 487 2810 diiudicandis
510 2744 631 2810 secutus
652 2740 701 2806 sit.
738 2727 862 2804 Exinde
881 2738 1003 2804 demum
1033 2737 1195 2824 fragmenti
1224 2734 1320 2818 scrip-

211 2847 270 2912 tori
298 2847 381 2912 venit
408 2848 440 2912 in
467 2848 602 2914 mentem
630 2843 790 2927 peculiaris
817 2845 847 2908 et
874 2862 951 2909 nova
980 2841 1209 2928 argumentandi
1230 2839 1321 2914 ratio,

213 2969 303 3032 quam
325 2950 479 3035 Theognis
499 2951 531 3016 in
552 2947 720 3015 nobilitatis
740 2947 773 3014 ¹ui
794 2967 829 3014 ac
851 2948 958 3022 natura
974 2946 1153 3013 illustranda
1168 2943 1321 3010 adhibuit:

213 3051 315 3134 ἔδοξεν
336 3040 387 3120 οὖν
410 3051 494 3141 αὐτῷ
513 3054 579 3121 aad.
624 3050 721 3133 Quare
743 3050 980 3117 luculentissime
996 3051 1129 3134 apparet,
1146 3068 1197 3115 eos
1217 3065 1323 3113 uersus
1453 3057 1454 3116 l

214 3175 287 3239 quos
316 3156 495 3223 Aristoteles
527 3156 564 3222 ad
596 3157 674 3222 hanc
706 3155 888 3238 peculiarem
921 3156 1027 3237 poetae
1061 3151 1322 3220 ratiocinationem
1453 3147 1454 3222 l

215 3259 480 3328 demonstrandam
512 3259 672 3338 adscribit,
707 3258 828 3323 omnino
860 3276 920 3323 non
946 3256 1096 3341 pertinere
1124 3256 1162 3321 ad
1190 3255 1322 3338 priorem

215 3363 379 3450 segmenti
399 3365 526 3448 partem,
549 3363 601 3430 ubi
623 3363 796 3430 uniuersum
818 3361 901 3426 illius
923 3360 960 3426 de
982 3360 1155 3426 hominibus
1178 3358 1323 3425 iudicium

217 3467 294 3550 quod
318 3466 409 3533 certis
431 3467 575 3551 exemplis
598 3466 803 3547 demonstrare
824 3486 883 3532 non
905 3465 1107 3559 necessarium
1136 3467 1200 3530 erat
1229 3464 1325 3548 expli-

217 3571 318 3636 catum
348 3571 404 3637 cst.
455 3569 536 3636 Scite
556 3569 657 3654 igitur
685 3569 829 3636 Sitzlerus
862 3569 1046 3638 observavit,
1081 3569 1108 3634 si
1140 3566 1239 3654 ἀρχήν
1271 3585 1325 3651 pro
1453 3633 1454 3636 ,

217 3673 304 3740 initio
326 3673 521 3756 accipiamus,
542 3673 676 3756 ineptam
699 3673 918 3757 oppositionem
941 3671 1029 3745 effici,
1052 3672 1207 3753 tamquam
1223 3670 1250 3734 ei
1264 3669 1325 3754 ini·
1453 3701 1454 3716 ν

219 3777 296 3843 tium
318 3777 393 3844 illud
416 3777 537 3862 quidem
558 3777 787 3861 comprobatum
808 3775 924 3854 fuisset,
947 3774 1000 3840 sed
1014 3774 1115 3840 minus
1132 3773 1328 3857 comprobata
1453 3795 1454 3798 ¹

218 3880 334 3964 reliqua
355 3881 454 3964 operis
474 3900 554 3965 pars.
597 3881 691 3947 Porro
714 3883 825 3952 autem
848 3879 874 3944 si
896 3879 1074 3946 Aristoteles
1095 3897 1200 3944 uersus
1214 3874 1328 3964 Κριοὶνς
1453 3939 1454 3944 ,

219 3988 287 4050 κτλ.
311 3984 445 4069 allegans
466 3984 587 4051 initium
608 3983 679 4050 libri
699 3983 896 4068 praebuisset,
926 4001 987 4048 non
1015 3980 1230 4048 introduxisset
1258 3999 1328 4046 ver-

220 4107 308 4152 suum
331 4087 543 4173 allegationem
566 4087 682 4157 vorbis:
713 4091 800 4174 δηλοῖ
823 4083 854 4152 δ’
870 4087 902 4152 ἐν
922 4087 1026 4154 τοῖσδε
1052 4091 1118 4166 τοῖς
1147 4081 1256 4150 ἔπεσιν.
1285 4119 1328 4132 -

222 4213 422 4228 ——R

326 4259 346 4332 t)
363 4257 444 4323 Index
461 4257 657 4321 Aristotelicum
