2928 4580
1243 213 1285 291 35

172 417 245 485 alibi
268 419 528 498 commemoratur,
552 413 684 485 Heiland
706 417 866 500 existimat,
891 437 925 485 en
946 416 1063 504 integro
1091 419 1183 486 etiam
1209 421 1282 487 tunc

173 525 497 615 ἀπομνημονευμάτων
519 546 607 613 opere
629 524 756 612 petitum
783 545 859 606 esse,
889 545 943 612 ego
974 528 1108 612 suspicor
1135 527 1280 612 scriptum

172 633 245 699 olim
268 651 345 698 esse:
369 633 565 721 Ξενοφῶντος
588 684 594 699 .
618 681 624 694 .
649 683 655 696 .
680 629 921 711 ,Ἀντισὶνένους
943 633 979 699 ἐκ
999 636 1053 699 τοῦ
1076 631 1145 718 περὶ
1160 629 1280 716 Θεόγνι-

172 739 233 818 δος,
265 736 433 802 cuiusmodi
466 755 580 802 errores
614 735 783 819 frequentes
814 738 845 803 in
879 738 1024 815 Stobae03
1059 739 1160 804 confer
1192 738 1281 821 Diog.

170 840 268 904 Laert.
293 840 345 910 Vl.
371 841 420 910 15.
443 842 495 906 ubi
521 840 709 906 Antisthenis
722 840 816 906 libros
830 846 979 908 recenset:
1000 844 1070 929 Ιτιερί
1089 839 1282 928 δικαιοσύνης

170 942 225 1010 καί
259 941 400 1031 ἀνδρείας
432 941 669 1033 προτρεπτικός,
705 947 838 1030 πρῶτος,
872 944 1028 1032 δεύτερος,
1061 945 1181 1032 τρίτος,
1215 942 1283 1026 περί

171 1043 332 1132 Θεόγνιδος
347 1045 426 1130 δἐ’,
442 1050 598 1133 potuitque
613 1047 808 1113 Antisthenes
823 1047 990 1115 nobilitatis
1006 1049 1193 1133 contemptor
1207 1047 1282 1113 haec

170 1149 316 1238 scribere3¹
335 1170 405 1216 nam
428 1153 582 1218 continent
603 1151 680 1217 nihil
700 1151 761 1216 iere
785 1152 876 1228 aliud,
901 1173 991 1237 qnam
1006 1153 1086 1236 quod
1104 1150 1278 1218 Antistheni

168 1253 316 1338 placuisse
337 1255 487 1336 Diogenes
509 1257 561 1332 VI,
586 1256 624 1321 11
648 1254 735 1320 dicit:
760 1253 939 1324 ἀπεδείκνυε
961 1255 1034 1334 τοὺς
1056 1253 1168 1334 αὐτους
1197 1251 1279 1340 εὔγε-

168 1363 230 1436 νεῖς
250 1381 323 1438 τους
343 1357 399 1426 καὶ
422 1361 589 1448 ἐναρέτους.
633 1357 710 1426 Utut
732 1360 787 1431 est,
810 1358 994 1426 aSooratico
1009 1359 1186 1445 philosopho
1205 1357 1280 1423 haec

168 1460 301 1545 profecta
333 1479 398 1528 osse
431 1465 585 1549 apparet,“
637 1462 716 1528 Mira
744 1462 819 1527 mihi
848 1462 906 1528 fuit
934 1462 1007 1528 haec
1036 1462 1146 1547 opinio.
1197 1460 1279 1526 Nam

168 1563 243 1629 nihil
264 1564 295 1630 in
317 1565 485 1650 fragmento
508 1567 544 1632 de
566 1585 623 1649 quo
647 1566 766 1648 agimus
787 1567 892 1642 exstat,
917 1567 996 1650 quod
1018 1566 1184 1632 nobilitatis
1207 1583 1279 1631 cou-

167 1670 347 1753 temptorem
369 1671 485 1755 prodat.
529 1671 598 1737 Non
620 1670 809 1756 redarguitur
831 1671 1015 1755 Theognidis
1036 1669 1194 1744 sententia,
1225 1667 1278 1734 sed

167 1774 378 1858 comprobatur
405 1777 435 1841 et
461 1775 493 1840 in
523 1795 582 1841 una
612 1775 768 1840 drumtanat
795 1793 828 1840 re
854 1773 1020 1860 corrigitur.
1066 1773 1125 1840 Sed
1147 1772 1278 1838 breviter

166 1896 389 1962 persequamur.
415 1879 486 1962 quid
507 1879 638 1946 incertus
660 1878 824 1964 fragmenti
845 1878 972 1964 scriptor
993 1878 1165 1964 perhibeat:
1197 1876 1278 1942 The-

168 1981 253 2065 ognis
275 1981 312 2045 de
332 1981 442 2048 virtute
464 1983 655 2066 potissimum
672 1983 702 2046 et
716 1981 798 2048 vitiis
813 1981 969 2047 hominum
987 1981 1121 2047 carmina
1136 1979 1279 2049 condidit.

168 2105 227 2170 qua
247 2085 278 2151 in
301 2105 332 2151 re
354 2085 522 2152 laudandus
543 2089 598 2156 est.
621 2086 699 2171 quod
721 2085 873 2151 nobilitati
894 2087 1013 2150 tantum
1040 2084 1156 2150 tribuit.
1203 2082 1278 2150 Seu·

166 2188 294 2254 tentiam
317 2191 418 2254 autem
441 2209 537 2266 suam,
560 2209 651 2275 quam
673 2191 704 2256 in
726 2189 899 2256 hominibus
929 2187 1128 2255 diiudicandis
1158 2187 1279 2254 secutus

167 2293 222 2364 est.
246 2291 290 2358 ita
312 2291 468 2366 stabilivit.
490 2294 524 2358 ut
547 2313 564 2359 a
585 2293 750 2359 bestiarum
772 2293 880 2359 natura
909 2293 1086 2378 argumenta
1114 2292 1278 2377 repeteret:

167 2398 332 2464 afferuntur
353 2417 457 2464 versus
479 2403 592 2485 Κριους
615 2397 671 2485 μὲν
692 2401 760 2464 κτλ.
805 2397 864 2463 Sed
887 2397 1009 2464 cumbi
1031 2415 1147 2474 versus,
1169 2395 1220 2478 qui
1243 2395 1281 2460 ab

166 2502 252 2567 initio
274 2501 464 2566 nobilitatem
487 2501 709 2578 commendant,
735 2501 805 2567 inde
835 2521 852 2566 a
879 2501 979 2568 verbis
1006 2499 1043 2587 ἤν
1074 2500 1102 2566 cl
1131 2496 1280 2586 χρήματα

166 2601 267 2671 πολλὰ
290 2607 362 2692 διδῷ
383 2603 421 2669 ab
443 2623 478 2669 ea
499 2623 541 2683 re,
565 2624 640 2688 quae
661 2605 775 2671 incerto
798 2605 936 2689 scriptori
957 2602 1189 2669 demonstranda
1204 2603 1277 2676 erat,

167 2709 211 2773 ita
233 2707 388 2784 aberrent,
417 2709 451 2772 ut
476 2708 619 2774 nobilitas
641 2707 671 2774 et
693 2708 817 2774 divitiae
837 2708 916 2774 inter
937 2727 971 2774 se
991 2707 1193 2799 repugnantes
1215 2723 1280 2770 esse

167 2810 334 2889 rideantur,
358 2813 461 2877 auctor
483 2811 667 2895 opulentiam
690 2814 830 2878 excusat:
857 2812 927 2878 Meo
950 2811 1071 2895 quidem
1093 2809 1214 2879 indicio.
1237 2808 1281 2873 ait

168 2915 342 2997 illapoeta
363 2915 501 2981 homines
523 2915 659 3000 castigat,
684 2914 762 2997 quod
784 2932 945 2998 pravorum
967 2913 1124 2979 hominum
1150 2911 1279 2978 divitum

168 3018 312 3084 societate
334 3019 452 3104 generis
474 3018 664 3086 nobilitatem
687 3017 893 3100 pessumdant,
915 3016 1025 3082 falsam
1040 3017 1142 3081 autem
1158 3016 1279 3110 senten-

168 3122 243 3188 tiam
274 3121 297 3187 ii
324 3123 462 3197 tuentur,
492 3122 543 3207 qui
566 3122 686 3188 divitias
708 3123 789 3206 ipsas
812 3123 940 3205 aposta
961 3121 1125 3204 vituperari
1147 3122 1279 3196 censent,

169 3227 323 3307 tamquam
348 3244 467 3308 semper
489 3225 540 3308 qui
563 3225 736 3291 divitiarum
758 3224 859 3309 cupidi
889 3227 949 3291 sint
978 3225 1009 3291 in
1040 3225 1114 3290 vitia
1146 3223 1281 3290 incidant

170 3331 201 3394 et
236 3329 386 3405 „scientes
423 3329 638 3412 volentesque*
651 3331 674 3414 ¹)
707 3348 802 3415 genus
835 3349 923 3395 suum
956 3329 1129 3412 depravent.
1183 3327 1282 3393 Multo

169 3431 270 3510 latius,
293 3432 393 3517 pergit
414 3433 551 3516 scriptor,
575 3434 659 3516 patet
680 3436 786 3517 poetae
814 3435 1008 3518 praeceptum
1036 3434 1125 3516 atque
1153 3433 1185 3498 in
1213 3431 1282 3498 uni·

170 3555 291 3603 versum
313 3555 454 3619 perversa
475 3536 597 3603 vivendi
622 3537 698 3602 ratio
728 3536 896 3602 denotatur.
947 3535 1014 3600 Hae
1044 3535 1123 3614 fere,
1151 3535 1186 3599 ut
1212 3552 1283 3600 mea

170 3643 216 3706 est
248 3639 367 3723 opinio,
401 3641 566 3707 sententiae
600 3641 658 3706 hoc
693 3640 862 3726 fragmento
898 3639 1096 3704 continentur.
1150 3634 1283 3720 Scriptor

169 3745 263 3828 igitur·
295 3744 474 3809 sententiam
508 3764 595 3810 snam
628 3744 665 3808 de
696 3741 854 3809 nobilitate
887 3739 1071 3824 Theognidis
1104 3739 1281 3822 argumento

171 3847 288 3930 probat,
311 3847 363 3912 sed
386 3866 456 3912 cum
478 3847 679 3931 inopportuna
702 3847 729 3912 ei
751 3846 791 3912 sit
806 3843 979 3910 divitiarum
995 3841 1196 3922 reprehensio,
1215 3861 1282 3906 eam

171 3950 418 4034 interpretatione
440 3969 517 4034 npva
540 3951 635 4017 vitare
658 3947 767 4015 studet.
812 3945 895 4027 Quae
918 3944 1080 4010 difficultas
1102 3962 1138 4008 ea
1158 3963 1191 4009 re
1218 3945 1284 4009 orta

274 4140 297 4205 ¹)
315 4139 355 4194 ita
374 4141 447 4196 reete
464 4140 547 4196 vertit
564 4139 712 4196 Meinelrius
731 4138 805 4194 Stob.
824 4139 851 4192 fl.
869 4137 920 4202 III,
939 4135 1021 4206 praef.
1035 4151 1060 4204 p.
1074 4135 1172 4191 XXlX.
1189 4134 1284 4205 Super·
1311 4123 1321 4138 '

171 4242 287 4284 vacuum
306 4225 372 4282 mihi
390 4226 496 4284 videtur
514 4228 541 4283 et
559 4226 666 4296 Berglrii
684 4227 712 4281 et
730 4224 836 4282 Sitzleri
855 4223 1012 4279 coniectura

1093 4307 1133 4374 3*
