2928 4580
1254 231 1299 323 ri

188 435 312 525 abant
343 435 584 529 qnandoquidem
608 435 777 527 permulta,
807 458 883 528 quae
910 435 990 528 apud
1018 437 1106 508 Iones
1141 435 1172 506 et
1201 433 1298 510 nores

187 547 323 634 vulgaria
345 547 486 629 essent·
477 567 509 614 ιι
530 547 760 617 Atheniensium
783 546 916 618 oratione
941 545 1078 615 obsoleta
1107 540 1298 628 antiquitatis

186 655 217 718 et
238 652 372 738 poeticae
394 650 573 738 granditatis
595 651 727 734 speeiem
748 668 820 735 prae
842 669 874 717 se
888 651 1011 720 tament.
987 649 1091 719 ιιι]
1077 647 1162 718 ιιιι
1176 643 1298 733 quidem

185 756 289 842 negari
309 775 370 822 non
391 773 431 873 po
432 756 502 823 t.est
546 752 606 822 Sed
628 751 759 822 coneus
779 752 850 823 huio
872 753 1063 840 explieationi
1084 750 1214 822 nimium
1239 748 1295 820 tn·-

185 859 268 939 ιιιι,
299 879 368 927 oum
398 859 430 928 in
458 858 560 926 omnia
587 857 705 944 poetioa
731 855 877 923 voeabula
906 877 974 924 eam
996 857 1101 924 eadere
1123 854 1285 925 arbitretur
1248 873 1293 924 ιι.

185 961 271 1049 Quod
292 964 385 1050 igitur
406 966 525 1030 oenset:
546 962 606 1044 „In
627 960 676 1026 his
697 960 837 1027 omnihus
857 960 897 1027 X.
913 961 1030 1028 deserta
1047 959 1159 1027 oinium
1174 976 1297 1026 suorum

186 1067 401 1136 consuetudine
422 1067 530 1134 formis
550 1065 709 1153 uerbisque
731 1064 842 1134 Atticis
863 1083 959 1148 pauoa
980 1064 1130 1132 haoonioa
1151 1063 1182 1128 at
1200 1060 1298 1128 multa

185 1169 286 1239 Ionios
313 1190 348 1239 ex
370 1170 542 1260 aequalium
564 1189 620 1236 ιιι
635 1168 791 1236 substituit
810 1169 841 1234 et
855 1165 1050 1261 παρενόμησε
1068 1165 1123 1259 μιν
1140 1164 1188 1254 (ιι
1201 1164 1300 1250 Phry·

184 1274 265 1344 niohi
293 1275 392 1342 uerbis
420 1274 501 1362 utar)
530 1274 574 1353 οἱς
602 1270 659 1360 τὴν
692 1269 819 1359 πάτριον
854 1268 1034 1353 διάλεκτον,
1067 1269 1120 1336 ιιι
1151 1287 1300 1358 nusquam

186 1380 458 1468 γλωσσηματικοῖς
479 1374 551 1448 eost
571 1382 743 1466 ποιητικοῖς
765 1371 909 1460 ὀνόμασιν
932 1371 1120 1461 ιχρισαπο,“
1141 1372 1174 1438 in
1203 1390 1300 1444 arrosa

186 1481 263 1548 mihi
278 1481 409 1550 -vidadur
430 1482 553 1548 versam.
597 1479 690 1565 Fugit
712 1479 793 1545 enim
816 1497 886 1544 eum
908 1477 1005 1542 multa
1020 1476 1166 1544 voeabula
1179 1476 1299 1562 poetioa

184 1583 222 1654 iis
251 1584 327 1651 loois
356 1587 489 1664 exstare,
520 1583 571 1649 ubi
601 1581 744 1648 orationis
774 1581 862 1649 ardor
891 1583 922 1647 et
949 1581 1085 1648 incitatio
1109 1583 1140 1647 st
1163 1581 1301 1666 poetious

186 1688 271 1776 quasi
302 1687 384 1754 solor
412 1686 486 1754 talia
513 1704 573 1752 non
601 1685 700 1752 solnm
728 1691 858 1764 excusat,
892 1704 997 1752 verum
1031 1685 1124 1750 etiam
1157 1683 1300 1770 postulat.

187 1791 268 1860 Nam
290 1791 431 1878 quoniam
453 1789 631 1875 Xenophon,
653 1794 799 1874 utsupra
820 1789 1034 1867 demonstravi,
1057 1787 1191 1856 studium
1210 1807 1298 1854 suum

185 1897 216 1960 et
237 1893 379 1960 effaetum
401 1893 541 1960 omnihus
561 1893 593 1960 in
615 1892 704 1959 rebus
718 1893 914 1978 exprimebat.
932 1891 1018 1958 iaoile
1033 1891 1099 1960 fieri
1118 1893 1244 1977 poterat,
1263 1893 1299 1959 ut

187 1997 330 2066 orationis
360 1997 550 2064 eontentione
581 1997 767 2083 abriperetur
794 1999 827 2063 in
857 1997 1018 2063 sublimius
1047 1996 1166 2062 doendi
1195 2015 1299 2082 genus,

186 2100 273 2186 quale
295 2101 423 2170 Athenis
445 2099 596 2188 qnondam
618 2120 637 2167 a
662 2101 820 2186 rhapsodis
849 2101 1103 2185 histrionibusque
1134 2099 1299 2170 audiverat.

186 2203 287 2271 Habet
314 2205 396 2274 enim
426 2223 530 2274 reuera
557 2203 766 2288 Xenophontis
797 2204 916 2272 animus
946 2204 1069 2289 aliquid,
1093 2203 1171 2288 quod
1194 2207 1300 2290 poetas

185 2308 306 2394 ingenio
329 2309 454 2396 dignum
475 2310 531 2388 est,
554 2311 588 2373 ut
609 2308 687 2374 infra
707 2309 804 2374 fusius
827 2308 1091 2384 demonstrabitur,
1115 2309 1146 2374 et
1161 2308 1242 2374 haud
1256 2308 1301 2377 ita

185 2430 253 2478 raro
276 2417 419 2479 eonsueta
439 2410 583 2479 orationis
611 2411 806 2498 simplieitate
832 2413 1047 2498 ieiunitateque
1076 2411 1182 2476 rehota
1210 2410 1302 2478 altius

185 2517 316 2602 assurgit
347 2517 428 2583 baud
463 2517 527 2583 aine
560 2515 665 2582 afflatu
697 2516 825 2601 poetioo.
875 2516 915 2581 aa
948 2515 985 2583 de
1018 2516 1075 2581 hau
1106 2515 1300 2599 potissimum

186 2619 394 2705 Xenophontis
414 2621 536 2705 propria
557 2619 658 2686 indole
680 2619 803 2705 Dionys.
823 2619 923 2686 Halio.
939 2617 1071 2704 cogitare
1085 2616 1214 2696 uidetur,
1232 2636 1301 2684 oum

184 2724 229 2790 ita
255 2725 322 2790 eius
348 2743 443 2812 genus
474 2723 593 2791 ιιιιιιιι
623 2723 766 2790 desoribit
794 2723 832 2788 ad
859 2719 916 2788 On.
943 2722 1052 2805 Pomp.
1081 2739 1107 2786 o.
1136 2720 1197 2786 IV:
1223 2717 1301 2808 ιψος

187 2824 242 2894 καὶ
265 2829 528 2914 μεγαλοπρέπειαν
550 2823 606 2894 οὐκ
629 2825 733 2912 ἴσχυσε
752 2829 869 2908 λαβεῖν,
886 2820 1043 2892 nitidante
1058 2847 1134 2890 ποτε
1155 2827 1302 2910 διεγεῖραι

186 2929 353 3018 βουλιιιιη
374 2927 431 3017 τὴν
454 2927 563 3018 φράσιν
588 2926 687 3016 ὀλίγον
711 2928 900 3017 ἐμπνεύσας,
924 2925 1023 3016 ὥσπερ
1046 2925 1189 3013 ἀπόγειος
1212 2923 1302 3016 αὔρα,

184 3033 308 3117 ταχέως
329 3033 496 3114 σβέννυται.
541 3033 586 3099 ιιι
607 3031 712 3098 ιιιιιιι
734 3034 822 3100 huius
843 3033 887 3098 rei
909 3033 1054 3116 exemplis
1081 3051 1177 3115 pauoa
1206 3032 1300 3118 eligo:

185 3137 223 3202 de
243 3156 276 3202 re
298 3154 365 3220 equ.
387 3136 426 3214 X,
448 3136 470 3201 4
493 3137 647 3221 equitandi
668 3137 814 3222 magister
834 3136 1036 3220 peritissimus
1057 3134 1223 3201 erardesoit
1239 3135 1300 3201 ier·

184 3257 265 3319 rore,
282 3257 351 3304 oum
366 3239 531 3326 imaginem
547 3239 676 3306 animosi
692 3241 761 3324 equi
776 3240 947 3306 ierooiontis
962 3240 1168 3323 repraesentat
1182 3238 1300 3316 animo;

187 3342 258 3408 hino
286 3342 449 3409 insolentia
480 3341 628 3410 voeabula
655 3341 873 3430 γοργοιμενος,
902 3343 1085 3429 prosapiis.
1104 3345 1128 3427 ¹)
1183 3341 1303 3408 Similia

187 3445 339 3514 observari
358 3450 486 3531 possumt
509 3444 617 3533 Cyrop.
640 3445 665 3524 Ι,
688 3447 885 3525 6,45-46;
908 3447 1005 3511 Anah.
1030 3447 1098 3524 vn,
1123 3447 1205 3522 129.
1243 3446 1302 3512 Sed

186 3549 260 3616 haeo
291 3550 448 3618 haetenus.
481 3549 671 3635 Quamquam
698 3550 757 3616 hoo
787 3550 855 3615 loeo
888 3551 1096 3666 quaestionem
1129 3550 1302 3615 inohoatam

183 3654 351 3739 relinquere
379 3654 540 3736 debemus,
569 3660 673 3720 tamen
698 3654 796 3720 faeere
824 3673 884 3720 non
912 3655 1015 3738 potui,
1045 3653 1117 3738 quin
1147 3672 1183 3718 oa
1205 3655 1296 3733 oerte,

290 3796 311 3860 ¹)
329 3792 482 3851 Identidem
501 3794 625 3852 eadem
616 3809 707 3864 smngo
731 3793 793 3864 equi
818 3793 925 3862 superbi
949 3790 1133 3860 Xenophontis
1157 3791 1302 3890 φιλίππου

186 3880 304 3936 animum
323 3881 479 3946 inflammat,
500 3885 531 3938 ιι
548 3883 653 3952 praeter
670 3881 803 3950 postianm
824 3879 953 3935 orationis
975 3880 1087 3934 eolorern
1106 3877 1217 3933 etiam
1210 3893 1303 3946 mgen-

185 3969 243 4024 tem
260 3968 451 4024 vooabnlorunn
469 3968 669 4041 aggerationem
688 3967 817 4024 admittat
829 3966 862 4022 da
873 3983 902 4022 ra
914 3982 972 4036 equ.
985 3965 1033 4030 XI,
1047 3965 1064 4020 9
1076 3967 1104 4020 et
1121 3963 1303 4028 lassatione

185 4057 276 4110 autern
293 4071 364 4112 nona
380 4057 431 4114 bao
450 4057 634 4114 obseruatione
646 4073 684 4115 ea
701 4054 851 4126 opprobria,
871 4069 938 4124 qnae
956 4051 1133 4108 Sohnoidorus
1146 4053 1173 4106 et
1185 4050 1302 4105 cohetns

184 4141 220 4198 N.
245 4143 275 4197 L.
300 4159 325 4211 p.
350 4143 402 4200 793
425 4145 487 4200 huia
510 4146 568 4199 looo
593 4144 763 4208 obieoerunt‚
787 4140 991 4226 redarguuntur,
1033 4139 1067 4210 οι.
1092 4138 1244 4212 Longinum
1268 4135 1301 4191 de

185 4229 353 4286 sublimitate
370 4247 397 4301 p.
415 4233 492 4297 3936
510 4248 567 4308 sqq.
588 4230 640 4300 (ad.
657 4230 745 4300 laha).
