2928 4580
1251 255 1292 336 2⁷

185 457 203 542 g
226 456 245 520 7
268 451 332 524 ἀλλ’
357 451 390 523 οῦ
413 451 459 542 μὰ
482 449 545 535 et’,
568 449 637 541 ἔφη,
661 449 695 522 οὐ
716 448 834 520 τοῦτον
856 473 890 522 σε
911 453 1046 542 λέγουσιν
1065 453 1291 542 superaturae,

187 556 268 630 ἀλλὰ
289 563 348 628 τῶν
372 555 632 645 ἀνωφελεστοίτον
647 557 829 623 tralaticium
845 559 1023 643 scripturam
1038 563 1206 643 corruptam
1228 578 1293 624 esse

186 668 345 732 autumans
366 666 427 730 τῶν
450 658 513 730 ἄνω
536 663 567 728 ἐν
588 662 729 748 νεφέλαις
751 656 885 729 τ’ῦντων
906 662 1066 750 legendum
1088 681 1153 729 ease
1183 663 1292 730 censet.

185 767 244 834 Sed
277 767 437 851 quominus
466 765 536 832 hoio
566 765 752 832 coniecturae
782 765 964 850 adstipuler‚
994 765 1069 834 duae
1093 785 1142 834 res
1164 767 1294 838 obstant.

185 872 322 938 Primum
348 870 428 937 enirn
451 889 555 937 revera
579 868 686 936 oomici
716 867 826 953 aliique
854 874 914 937 τῶν
944 868 1203 958 ἀνοφελεστοίτον
1231 871 1293 942 ἐπι·

189 978 312 1064 μέλειαν
336 973 467 1041 Socratis
490 972 711 1059 philosophiam
733 973 864 1040 vocitare
893 973 1038 1042 solebant.
1068 973 1145 1057 qnod
1173 975 1296 1057 apparet

186 1099 221 1146 ax
243 1079 322 1145 Plat.
348 1078 459 1146 Phaed.
485 1079 524 1146 70
548 1076 571 1144 Ο
593 1073 701 1144 οῦνισυν
722 1071 799 1162 γ’ἂν
821 1071 917 1164 οἶμαι,
939 1066 960 1164 ἦ
983 1074 1053 1155 db<
1075 1073 1090 1144 ὃ
1110 1073 1294 1164 Σωκράτης,

185 1181 281 1250 εἰπεῖν
305 1205 375 1248 τινα
395 1184 445 1247 νῦν
468 1177 657 1260 ἀκούσαντα,
679 1175 745 1244 οὐδ’
772 1179 799 1245 εἰ
820 1178 1049 1271 κωμῳδιοποιος
1071 1177 1129 1266 εἴη,
1154 1175 1193 1258 ὣς
1223 1177 1294 1247 oibo-
1327 1187 1332 1193 '

183 1287 283 1369 λεσχῶ
314 1282 369 1355 καὶ
396 1282 435 1352 οῦ
462 1283 551 1371 περὶ
579 1281 860 1371 προσηκόντων
897 1281 968 1360 τοῦς
996 1282 1104 1369 λόγους
1140 1285 1293 1368 ποιοῦμαι.

185 1387 303 1452 Deinde
324 1386 470 1473 Madvigii
497 1386 678 1452 correctione
699 1383 800 1467 aliqua
822 1406 856 1451 ex
879 1389 963 1470 parte
985 1387 1103 1453 tollitur
1115 1385 1295 1465 iucunditas,

187 1509 262 1573 quae
285 1489 315 1556 in
339 1491 551 1557 vocabulorum
574 1491 643 1556 lusu
659 1489 796 1573 quamvis
811 1489 921 1576 frigido
935 1491 1022 1565 inest,
1039 1491 1181 1573 quianon
1197 1490 1295 1556 solum

185 1589 260 1676 dieo,
285 1613 390 1660 verum
414 1595 505 1660 etiam
529 1592 692 1681 ὠφελοῦσιν
711 1611 746 1657 ex
769 1589 1032 1679 εἰνοφελεσεοὶτιιν
1047 1593 1201 1671 enodetur,
1217 1593 1296 1678 quod

185 1695 211 1760 si
240 1698 394 1764 mutamus
423 1715 481 1764 non
510 1697 672 1772 habemus,
703 1715 761 1780 qno
788 1696 914 1762 verbum
937 1695 1099 1785 ὠφελοῦσιν
1121 1698 1295 1764 referamus.

185 1799 256 1866 Huc
279 1801 393 1866 accedit
415 1801 493 1886 quod
517 1801 597 1867 haud
618 1799 707 1866 facile
729 1801 774 1865 est
797 1799 835 1864 ad
857 1800 1109 1886 intellegendum.
1138 1801 1209 1885 quid
1238 1801 1297 1868 sibi

184 1903 257 1970 velit
278 1908 339 1971 τῶν
363 1901 425 1974 ἅνω
449 1907 485 1972 ἐν
506 1906 648 1992 νεφέλαις
669 1901 764 1970 ὄντων
789 1904 958 1989 ἐπιμελειοι.
1009 1905 1157 1971 Videlicet
1177 1905 1297 1972 Madvi·
1326 1961 1335 1980 ,

187 2007 255 2094 gius
286 2008 323 2076 ad
352 2008 429 2074 hano
458 2009 658 2076 coniecturam
689 2007 829 2074 seductus
861 2010 922 2090 est,
951 2009 1020 2092 quie
1050 2009 1175 2076 subinde
1203 2009 1235 2096 (φ
1261 2009 1296 2092 8)

183 2112 318 2196 apertius
342 2112 380 2179 ed
401 2111 611 2196 Aristophanis
625 2111 724 2178 iocum
749 2109 919 2178 eNubibus
931 2113 1142 2198 pervulgatum
1161 2114 1297 2199 (μετρεῖν

186 2237 229 2283 τοι
250 2217 371 2302 ψνλλῦν
399 2214 482 2306 ἴχνη)
512 2216 655 2284 alluditur
667 2215 700 2300 ¹).
745 2211 805 2281 Sed
833 2213 999 2299 Xenophon
1030 2217 1129 2283 minus
1160 2216 1238 2282 clare
1267 2217 1298 2282 et

191 2322 272 2384 certo
295 2317 344 2384 hic
366 2321 473 2386 comici
494 2321 638 2388 iocularia
660 2319 781 2403 profert.
805 2320 840 2382 ut
865 2319 929 2384 iure
958 2339 1027 2386 eum
1056 2321 1130 2386 talia
1158 2321 1239 2385 fama
1268 2320 1299 2384 et

190 2422 343 2490 anditione
365 2426 515 2509 accepisse
538 2421 682 2508 suspicari
697 2422 796 2499 liceat,
813 2425 987 2507 praesertim
1004 2443 1073 2492 oum
1089 2424 1204 2492 dictum
1222 2422 1299 2492 illud

185 2545 281 2614 paene
303 2527 333 2596 in
355 2529 546 2614 proverbium
569 2528 724 2612 abienus).
750 2561 793 2576 -

291 2721 398 2807 Neque
427 2741 496 2787 vero
526 2741 561 2786 ex
588 2719 793 2807 indignatione
821 2717 890 2802 illa,
919 2738 994 2803 quae
1027 2738 1063 2784 ex
1084 2716 1204 2803 egregia
1227 2733 1298 2802 erga

189 2823 323 2892 divinum
346 2825 525 2910 magistrum
547 2825 660 2908 pietate
681 2824 815 2908 protecta
837 2827 892 2902 est,
915 2822 1123 2906 Xenophontis
1142 2819 1296 2906 ingenium

185 2927 223 2996 ab
246 2930 330 2996 omni
351 2930 513 2996 festivitate
536 2932 566 2994 et
588 2928 778 2994 cavillatione
801 2927 990 2994 abhorruisse
1013 2925 1213 3012 colligendum
1240 2926 1296 2989 est.

185 3030 266 3097 Nam
297 3033 329 3099 in
358 3031 502 3100 Convivis
530 3030 644 3110 multa,
675 3049 750 3106 quae
780 3033 902 3113 propter
927 3029 1122 3095 festivitatem
1144 3026 1297 3109 salemque

187 3136 261 3201 satis
282 3136 473 3204 admirabilia
494 3136 573 3212 sunt,
595 3134 627 3200 in
648 3134 850 3200 namationem
873 3137 903 3200 et
933 3132 1168 3217 disputationem
1193 3129 1297 3196 immi·

188 3239 275 3320 scuit,
301 3243 335 3306 ut
356 3261 425 3307 cum
448 3238 616 3326 permultae
638 3256 686 3302 res
702 3237 874 3304 comoediae
896 3237 1021 3302 facetias
1044 3238 1074 3300 et
1096 3233 1298 3301 urbanitatem

185 3342 341 3410 redoleant
351 3342 375 3431 ³)
398 3345 465 3410 tum
486 3342 617 3408 maxima
639 3343 721 3406 totus
744 3341 948 3408 altercationis
971 3339 1061 3416 color,
1084 3336 1298 3414 mundicam,

183 3447 397 3531 Aristophanis
422 3445 586 3512 comoediis
609 3445 719 3510 similis
741 3445 789 3509 sit.
836 3443 934 3524 Quare
958 3443 1050 3525 probo
1073 3440 1151 3524 quod
1177 3439 1213 3504 de
1243 3439 1299 3503 hac

182 3570 215 3616 re
239 3550 363 3617 Grotius
385 3551 477 3634 (Eiet.
501 3548 554 3615 Gr.
583 3568 651 3614 vers
685 3567 765 3614 vern.
790 3549 831 3612 lV
855 3567 883 3630 p.
908 3547 970 3613 567
995 3565 1061 3608 eren.
1087 3543 1141 3630 23)
1170 3542 1297 3608 iudicat:

182 3702 201 3734 „
226 3703 233 3719 .
258 3703 265 3720 .
290 3703 297 3718 .
320 3654 364 3720 im
387 3653 568 3740 Symposion
598 3652 650 3717 des
672 3652 857 3736 Xenophon3
887 3668 949 3715 was
975 3648 1120 3713 maistans
1147 3664 1298 3711 aussoren-

178 3757 314 3823 dentlich
337 3755 575 3842 aristophanieoh
599 3756 672 3821 ist.“
700 3791 739 3802 -

284 3929 304 3997 ¹)
323 3927 413 3984 Nnbb.
435 3945 460 3981 v.
482 3929 534 3982 144
552 3943 608 3998 sqq.
628 3925 693 3981 ibid.
712 3942 737 3980 v.
756 3925 815 3980 831.

279 4016 301 4079 ²)
321 4015 355 4070 ci.
370 4015 526 4071 Teuffelinm
543 4016 564 4068 l.
581 4015 599 4068 l.
619 4012 654 4068 ad
671 4029 695 4066 v.
707 4012 757 4066 144
768 4014 797 4066 et
808 4010 965 4066 Herbstium
982 4008 1016 4063 ad
1027 4008 1093 4062 Xen.
1111 4007 1192 4062 conv.
1207 4006 1252 4069 VI,
1266 4006 1290 4060 8.

279 4103 301 4171 ³)
319 4102 400 4158 Conv.
419 4104 441 4166 1,
461 4103 491 4157 ll
512 4102 545 4157 cf.
564 4100 732 4156 Aristiden.
751 4098 817 4162 init;
836 4096 874 4162 II,
895 4096 981 4151 1404.
1000 4095 1083 4150 Arist.
1103 4095 1151 4149 Aa.
1170 4109 1194 4146 v.
1215 4091 1292 4156 1556,

177 4187 241 4244 Pac.
260 4205 285 4244 v.
303 4189 363 4256 895,
381 4189 495 4261 Lysistr.
514 4206 539 4245 v.
556 4189 621 4251 490;
646 4187 684 4252 11,
701 4187 736 4240 24
755 4185 788 4240 cf.
807 4186 889 4239 Arist.
909 4184 974 4254 hiqq.
993 4200 1018 4237 v.
1038 4183 1080 4247 96,
1099 4197 1165 4252 qnos
1189 4178 1294 4250 quidem

177 4277 249 4333 looos
270 4277 409 4348 plerosque
427 4275 547 4332 Herbatii
566 4273 784 4362 annotationibus
803 4271 893 4328 debeo.
