2928 4580
172 204 215 275 32

172 394 329 476 quaesiuit,
351 392 421 475 quia
443 392 614 477 Polycrates
637 409 806 475 perversam
823 391 977 471 poetarum
998 389 1278 474 interpretationem

173 494 289 562 Socrati
310 496 546 578 exprobraverat.
591 494 695 559 Cobeti
721 494 801 558 enim
832 492 1018 557 coniecturae
1032 495 1067 575 ἱ),
1097 494 1149 577 qui
1178 493 1277 578 κατη-

172 620 258 683 γορον
279 598 311 662 in
333 595 562 662 Commentariis
585 616 642 662 non
659 596 804 661 Meletum
820 595 873 658 sed
891 595 1077 679 Polycratem
1098 598 1276 681 sophistam,
1407 616 1408 621 ¹

172 701 224 784 qui
243 700 430 786 κατηγορίαν
453 697 641 785 Σωκράτους
664 700 831 781 scripserat,
854 698 1088 783 intellegendum
1105 720 1169 766 esse
1189 719 1276 784 saga-

172 804 246 870 citer
267 808 298 868 ct
318 801 405 868 docte
426 802 650 877 demonstravit,
675 821 731 866 uon
762 801 845 866 uideo
875 801 946 884 quid
978 803 1085 868 obstet.
1136 804 1269 887 Namque

173 908 252 974 certe
281 906 376 970 multo
405 903 599 972 uerisimilius
628 909 683 984 eet,
713 905 801 969 illum
831 904 995 986 sophistam
1025 905 1140 973 Socrati
1169 907 1278 972 falsam

174 1012 330 1094 poetarum
360 1009 635 1092 interpretationem
666 1008 784 1073 crinuiui
812 1007 985 1090 vertisse),
1016 1028 1107 1093 quam
1133 1010 1280 1077 lieletum

176 1113 319 1197 aliosque,
342 1112 393 1195 qni
415 1112 479 1177 sine
501 1111 590 1177 dubio
613 1112 681 1176 aliis
703 1111 888 1196 argumentis
910 1115 988 1195 apud
1009 1114 1123 1179 iudices
1146 1113 1278 1180 Socratis

171 1219 291 1305 culpam
313 1218 516 1283 demonstrare
538 1218 633 1283 coacti
648 1220 726 1282 sunt
771 1217 928 1282 Praeterea
941 1217 1172 1298 Xenophontem
1189 1222 1221 1282 ut
1239 1218 1276 1283 de

171 1325 327 1406 poetarum
355 1322 599 1405 interpretatione
628 1325 729 1406 ageret
760 1340 777 1386 a
806 1340 837 1387 se
864 1340 956 1401 paene
978 1322 1071 1386 invito
1094 1322 1273 1404 impetrasse

172 1428 310 1510 apparet,
338 1425 495 1509 quianon
524 1425 625 1490 omnia
654 1425 830 1508 opprobria,
860 1443 935 1508 quae
958 1425 1131 1508 Polycrates
1153 1429 1275 1508 proptor

80 1613 85 1623 ι
172 1532 329 1612 poetarum
351 1529 559 1593 tractationem
583 1527 698 1594 Socrati
721 1529 840 1606 obiecit,
863 1527 1038 1614 redarguere
1061 1529 1274 1614 dignatusest.

174 1630 254 1698 Nam
275 1632 306 1697 in
329 1631 447 1696 libanii
470 1631 617 1716 Apologia
641 1631 780 1708 Socratis,
797 1633 828 1698 iu
843 1650 902 1715 qua
917 1631 1088 1698 Dindouiius
1104 1631 1165 1698 iere
1184 1636 1279 1698 totum

173 1735 340 1821 Polycratis
362 1736 610 1801 declamationem
633 1737 839 1802 conservatam
865 1753 929 1801 esse
961 1736 1163 1819 arbitraturi).
1195 1737 1282 1819 plura

172 1840 344 1906 huiusmodi
360 1840 518 1924 opprobria
532 1859 622 1924 quam
638 1841 718 1922 apud
731 1840 961 1922 Xenophontem
977 1841 1126 1925 leguntur.
1166 1839 1280 1920 Quicun-

44 1987 48 1996 -
174 1944 292 2025 obrem,
323 1945 349 2009 si
370 1945 444 2010 baec
471 1946 572 2010 omnia
599 1945 699 2009 animo
729 1944 926 2028 complector,
955 1942 1104 2008 reicienda
1129 1944 1278 2020 uidentur,

177 2068 252 2133 quae
288 2047 528 2133 Sengebuechius
560 2049 596 2112 de
623 2046 821 2131 Xenophonte
850 2047 1014 2131 disputarit
1044 2047 1115 2113 diss.
1145 2047 1236 2112 Hom.
1266 2049 1280 2112 1

174 2170 204 2236 p.
235 2153 313 2219 139:
342 2151 489 2232 „Videtur
517 2151 608 2236 igitur
636 2149 674 2215 X.
705 2155 738 2214 ut
760 2151 789 2214 in
812 2149 971 2216 Socraticis
993 2152 1054 2216 suis
1077 2150 1196 2234 scriptis
1218 2151 1279 2216 he·

173 2257 297 2339 quenter
318 2254 442 2320 iniceret
456 2255 581 2319 Homeri
598 2255 778 2318 mentionem
796 2254 945 2319 rivalitatc
961 2255 1152 2337 potissimum
1177 2254 1280 2320 Plato·

173 2360 220 2426 nis
253 2362 284 2425 et
315 2359 502 2424 Antisthenis
537 2359 807 2442 condiscipulorum
841 2376 962 2423 suorum
997 2361 1088 2422 l'uisse
1117 2357 1280 2434 adductus;

173 2463 207 2528 ut
228 2462 287 2528 alia
309 2479 424 2545 quoque
447 2456 499 2526 διὰ
520 2456 572 2525 τον
594 2456 668 2546 πρὸς
688 2458 846 2527 Πλάτωνα
868 2465 957 2547 ζῆλον
984 2462 1089 2527 iecisse
1107 2468 1277 2527 neumaus-

174 2565 233 2633 Sed
255 2583 323 2631 cum
345 2564 419 2630 haec
442 2567 506 2629 tota
526 2563 562 2628 de
584 2562 737 2629 simultate
759 2563 965 2647 Xenophontis
982 2568 1012 2630 et
1025 2565 1162 2630 Platonis
1178 2563 1273 2630 fabule

172 2670 299 2736 summis
322 2670 447 2734 obnoxia
469 2669 509 2732 sit
531 2667 767 2733 dubitationibus
789 2669 819 2731 et
840 2687 857 2732 a
883 2667 1068 2754 boeotium)
1091 2668 1152 2733 iam
1169 2668 1281 2733 dudum

172 2772 361 2854 labefactata,
383 2773 558 2855 sio'potius
580 2773 606 2838 si
628 2772 729 2838 omnia
751 2791 826 2856 quae
848 2773 904 2838 hac
926 2771 1133 2840 dissertatione
1149 2775 1272 2838 demon·

174 2878 268 2942 strate
289 2878 358 2942 suut
379 2879 563 2959 reputamus,
586 2874 779 2940 statuendum
803 2875 866 2939 est:

274 3012 439 3098 Xenophon
462 3013 625 3078 secundum
649 3013 831 3078 Graecorum
856 3031 969 3077 morem
997 3017 1151 3095 poetarum
1181 3010 1279 3097 operi·

174 3115 229 3184 bus
250 3115 364 3205 ingenii
385 3123 416 3184 et
437 3136 553 3183 morum
577 3117 848 3184 continuandorum
871 3135 961 3182 causo
982 3117 1117 3184 imbutus
1139 3121 1195 3191 est.
1224 3137 1281 3201 qua
1309 3121 1312 3128 '

172 3221 361 3290 institutione
382 3224 537 3304 tantopere
562 3222 727 3285 Homerum
749 3220 900 3302 imprimis
922 3227 952 3284 ot
969 3217 1135 3286 Hesiodum
1151 3226 1181 3287 ct
1199 3222 1275 3286 The·

172 3324 312 3414 oguidem
335 3326 536 3404 admonuerat,
560 3331 592 3390 ut.
614 3345 667 3408 per
688 3327 784 3389 totam
813 3325 916 3404 viram,
947 3325 1066 3390 etiamsi
1095 3327 1183 3410 longe
1217 3323 1278 3390 aliis

222 3584 235 3642 1
278 3499 400 3570 1ἰΝονκ
425 3499 512 3554 Lectt.
535 3514 559 3566 p.
582 3497 633 3552 662
657 3512 713 3568 sqq.
740 3497 858 3552 Schenkl.
885 3498 902 3551 l.
927 3498 945 3551 l.
969 3499 990 3552 ll
1017 3513 1041 3566 p.
1065 3497 1106 3552 87.
1126 3496 1211 3552 Zeller
1230 3497 1247 3552 l.
1265 3495 1283 3551 l.

176 3599 200 3656 p.
237 3585 304 3652 60,8.

275 3693 299 3757 ²)
319 3689 464 3745 Commeat.
491 3687 509 3748 1.
534 3687 593 3746 256
627 3665 686 3757 ἔφη
715 3665 745 3735 δ’
773 3665 865 3737 αὐτὸν
896 3664 910 3736 ὃ
940 3665 1114 3758 κατήγορος
1142 3667 1197 3737 καὶ
1226 3670 1284 3736 τῶν

175 3772 381 3857 ἐνδοξοτάτων
404 3779 535 3864 ποιητῶν
560 3771 757 3860 ἐκλεγόμενον
785 3770 827 3838 τὰ
856 3771 1053 3860 πονηρότατα
1081 3771 1138 3839 καὶ
1167 3769 1287 3849 τούτοις

175 3877 350 3967 μαρτυρίοις
371 3878 523 3967 χρώμενον
547 3881 614 3944 κτλ.
633 3893 698 3948 ibid.
720 3895 735 3956 s
759 3893 791 3946 58
809 3873 845 3942 cb
868 3875 901 3942 δὲ
916 3873 1057 3964 Ὅμηρον
1075 3871 1164 3962 ἔφηὸ
1187 3871 1285 3942 κατ-ἕ·

176 4003 264 4071 γορος
285 3981 435 4060 πολλάκις
457 3978 549 4048 αὐτὸν
572 3982 677 4067 λέγειν.

277 4101 302 4172 ⁸)
322 4105 385 4158 lien.
406 4104 483 4158 ilem.
501 4101 541 4158 ed.
560 4101 639 4157 Onon.
660 4099 740 4171 praef.
759 4117 784 4170 p.
803 4095 889 4156 XXIV
908 4100 1027 4156 Schenkl.
1049 4101 1064 4157 l.
1084 4103 1100 4155 l.
1121 4096 1142 4155 ii
1163 4113 1188 4170 p.
1208 4095 1247 4154 18.

279 4188 305 4272 ⁴)
323 4207 412 4264 opusc.
430 4190 469 4248 IV
488 4207 512 4264 p.
532 4190 554 4247 1.
574 4189 689 4246 Leutsoh
706 4188 802 4246 Philol.
821 4189 855 4244 lll
874 4205 897 4262 p.
917 4189 974 4244 714.
