2928 4580
1245 213 1286 284 31

180 427 255 492 quac
277 404 404 472 mirifico
423 401 462 469 ad
482 401 618 470 homines
633 401 781 470 docendos
796 401 1037 469 accommodatae
1052 407 1147 480 erant,
1163 423 1284 470 summo

180 513 404 578 oblectamento
426 510 527 588 luisse,
551 510 640 592 atque
662 506 798 573 Socrates
819 507 893 591 ipse,
916 527 984 572 cum
1004 508 1110 591 capitis
1126 507 1285 574 damnatus

178 616 210 681 in
233 614 362 681 vinculis
384 613 544 691 teneretur,
571 610 738 694 complures
760 610 877 676 fabulas
898 611 929 676 in
952 629 1055 677 versus
1075 610 1191 696 redegit
1200 612 1237 696 ¹).

277 921 393 999 Restat,
416 920 449 986 ut
471 938 546 1003 quac
567 919 738 988 invenimus
760 917 891 985 breviter
910 918 1163 1003 complectamur:
1184 919 1286 987 Xeno·

184 1024 266 1111 phon
289 1044 323 1091 eo
337 1024 530 1110 potissimum
545 1024 669 1090 consilio
683 1020 840 1107 poetardm
855 1022 1037 1088 carminibus
1052 1042 1173 1107 operam
1192 1023 1284 1105 dedit,

183 1130 218 1194 ut
239 1129 335 1194 virtus
357 1129 515 1214 augeretur
536 1130 566 1193 et
586 1145 685 1192 mores
713 1127 923 1192 excolerentur.
973 1127 1103 1193 Maxime
1133 1128 1285 1212 amplexa·

178 1233 267 1298 batur
287 1233 454 1297 Homerum
476 1251 531 1297 nec
552 1232 652 1296 minus
674 1230 801 1296 Hesiodi
823 1231 975 1296 studiosus
991 1233 1064 1297 erat.
1103 1231 1293 1323 Tragoedias·

174 1338 293 1402 tantum
319 1354 378 1401 non
406 1335 559 1420 ignorasse
588 1322 726 1413 videtur,
759 1334 812 1399 sed
840 1335 989 1400 scenicam
1011 1334 1160 1400 actionem
1182 1355 1285 1401 earum

177 1438 444 1505 animadvertebat
495 1439 539 1503 Hx
571 1437 735 1504 comoediis
769 1456 860 1503 unam
892 1438 1101 1504 tantummodo
1133 1438 1284 1504 interdum

165 1543 301 1621 notavit,
324 1542 433 1626 quippe
455 1561 531 1625 quae
553 1539 590 1608 ad
612 1540 743 1608 Socratis
766 1545 877 1607 sortem
899 1540 1030 1609 multum
1056 1541 1159 1608 valuit.
1202 1543 1285 1609 Inter

173 1651 279 1732 poetas
299 1647 409 1732 lyricos
431 1645 579 1732 gnomicis
600 1644 731 1712 maxime
746 1646 863 1711 animus
879 1644 943 1711 cius
958 1645 1090 1713 intentus
1112 1648 1176 1712 erat
1194 1649 1283 1730 atque

178 1769 329 1818 summam
352 1750 520 1836 Tlmognidi
542 1749 751 1816 auctoritatem
773 1748 888 1815 tribuit.

280 1889 362 1972 Quae
385 1891 411 1955 si
433 1889 657 1956 consideramus
679 1887 880 1954 confitendum
902 1890 957 1966 est,
979 1885 1186 1970 Xenophontis
1208 1885 1281 1954 artis

175 1993 309 2078 poeticae
338 1995 478 2060 notitiam
507 1993 643 2079 angustis
669 1992 779 2057 tinibus
801 1991 1059 2074 circumscriptam
1080 1991 1183 2071 luisse,
1207 2011 1282 2076 quo-

171 2098 256 2162 niam
278 2097 380 2162 omnia
402 2096 463 2160 iere
486 2097 629 2185 carmina,
653 2115 728 2178 quae
751 2116 769 2160 a
791 2095 907 2179 vulgari
922 2095 1047 2160 scicntia
1061 2094 1162 2178 paullo
1181 2115 1282 2162 remo·

170 2201 249 2265 tiora
274 2204 369 2279 erant,
390 2199 544 2284 ignorasse
567 2201 615 2265 vel
636 2200 802 2285 neglexisse
816 2198 942 2265 videtur.
979 2197 1038 2264 Sed
1052 2202 1171 2266 tantum
1185 2201 1281 2280 abest,

172 2307 208 2367 ut
237 2304 313 2368 hanc
334 2303 519 2386 poeticorum
542 2303 707 2368 studiomm
738 2301 956 2386 neglectionem
984 2302 1216 2385 reprehendam,
1246 2307 1281 2368 ut

176 2407 267 2469 talem
289 2408 387 2471 virum
409 2401 470 2470 det
492 2405 559 2470 νέου
583 2402 800 2471 ἐσπουδακότα
821 2401 901 2490 ἀμφὶ
923 2407 1089 2492 κυνηγέσια
1109 2404 1165 2473 καὶ
1187 2426 1273 2492 erpu-

169 2506 281 2594 τηγίαν
312 2507 367 2575 καὶ
400 2508 509 2596 σοφίαν
518 2510 548 2592 a)
576 2528 614 2574 ne
642 2509 831 2574 excusatione
859 2509 980 2592 quidem
1010 2527 1097 2593 egere
1130 2528 1277 2575 censeam.

173 2609 232 2677 Sed
261 2630 330 2678 cum
361 2612 413 2677 ille
443 2612 536 2678 trium
562 2611 754 2697 potissimum
784 2611 911 2677 Homeri
937 2611 1063 2679 Hesiodi
1085 2612 1278 2699 Theognidis,

169 2714 221 2798 qui
249 2717 356 2798 poetae
384 2715 421 2780 ad
449 2734 611 2800 puerorum
640 2716 860 2782 institutionem
889 2718 955 2781 tum
983 2715 1021 2780 ab
1043 2716 1277 2782 Atheniensibus

167 2818 301 2885 adhiberi
323 2819 476 2899 solebant,
505 2821 644 2886 notitiam
672 2823 848 2886 consecutus
874 2819 921 2901 sit,
947 2819 1055 2885 merito
1077 2821 1152 2886 mihi
1176 2821 1279 2887 videor

166 2921 327 3004 suspicari,
358 2941 428 2988 eum
451 2923 647 3007 quodcunque
674 2922 710 2988 de
731 2926 888 3007 poetarum
913 2923 1095 2989 canninihus
1124 2924 1278 3010 cognitum

167 3025 282 3104 habuit,
304 3045 430 3109 puerum
451 3027 500 3093 vel
527 3027 748 3092 adolescentem
770 3026 910 3093 didicisse
930 3046 1026 3110 neque
1047 3030 1151 3112 postea
1172 3028 1278 3094 huius·

166 3129 247 3194 modi
269 3129 377 3196 studiis
399 3148 532 3199 vacasse.
567 3129 644 3212 Quia
665 3136 767 3197 eutem
789 3131 827 3195 ab
848 3130 896 3210 iis,
912 3131 962 3214 qui
977 3149 1012 3195 ex
1028 3130 1159 3197 Socratis
1175 3132 1278 3198 schola

164 3233 290 3316 proiecti
312 3237 391 3315 sunt,
413 3236 570 3319 poetarum
601 3234 735 3300 carmina
755 3253 843 3318 saepe
865 3235 913 3300 vel
934 3235 1144 3300 commendata
1163 3236 1212 3303 vel
1230 3235 1277 3301 vi-

163 3339 303 3422 tuperata
333 3340 403 3404 sunt
430 3371 473 3386 -
493 3336 526 3403 id
556 3338 635 3423 quod
670 3357 706 3403 ex
733 3337 870 3404 Platonis
891 3337 1018 3424 dialogis
1039 3338 1276 3405 luculentissime

163 3445 288 3523 apparet
316 3444 346 3507 et
375 3441 412 3506 de
444 3442 622 3508 Antisthene
655 3461 673 3508 a
702 3442 947 3527 locupletissimis
975 3443 1146 3509 auctoribus
1168 3443 1277 3509 contir-

163 3547 264 3609 matur
272 3542 307 3630 ³),
334 3581 371 3594 -
392 3547 441 3612 rix
462 3565 596 3613 erramus
619 3547 645 3612 si
666 3546 697 3612 in
720 3545 941 3613 Socraticorum
969 3546 1089 3613 circulis
1122 3545 1198 3612 tales
1229 3545 1275 3612 di-

162 3649 362 3732 sceptationes
383 3649 486 3716 erebro
507 3651 661 3717 institutas
683 3669 748 3717 esse
762 3653 913 3737 putemus.
958 3648 1017 3717 Sed
1048 3650 1215 3734 Xenophon
1237 3647 1274 3717 ab

161 3749 217 3818 hac
240 3749 511 3840 condiscipulomm
533 3755 747 3822 consuetudine
768 3757 901 3822 recessit.
945 3751 1026 3821 Nam
1047 3755 1080 3820 in
1111 3753 1275 3821 Commen-

162 3856 246 3922 tariis
268 3861 391 3942 propter
411 3859 490 3926 hanc
512 3860 607 3925 solam
631 3876 753 3926 cansam
781 3859 818 3926 de
833 3863 989 3944 postauam
1006 3859 1184 3943 quibusdam
1201 3859 1277 3924 locis

165 3973 363 3989 κη*-

264 4031 284 4098 ¹)
302 4031 397 4101 Bergk.
417 4031 448 4086 P.
466 4031 498 4088 L.
516 4033 538 4088 11
558 4048 583 4102 p.
601 4030 661 4090 609.

261 4117 283 4178 ²)
303 4116 411 4174 Arriani
428 4117 528 4190 (ἕως.
546 4121 565 4185 1,
584 4119 609 4176 4.

261 4199 283 4280 ⁸)
304 4203 382 4278 llice.
401 4206 432 4264 L.
450 4207 494 4274 vl,
518 4206 649 4274 uls-18.
