2928 4580
163 239 207 311 30

165 429 284 496 cludere
299 428 380 506 licet,
409 426 439 492 in
467 427 602 492 omnium
631 427 732 492 oribus
752 429 908 511 tamquam
930 426 1088 509 proverbia
1102 427 1128 509 ¹)
1151 424 1269 489 versata

165 535 236 613 sint,
258 537 359 598 tamen
381 530 547 613 Xenophon
569 529 717 613 peculiare
740 530 873 596 studium
893 530 925 595 16
948 532 1027 595 1666
1047 531 1168 614 poetam
1194 543 1268 612 gno·

165 639 278 704 micum
301 635 483 701 convertisse
499 634 625 713 videtur,
641 635 720 699 certe
735 635 835 717 paullo
852 635 1029 717 ampliorem
1043 633 1108 699 eius
1130 631 1269 697 notitiam

164 759 255 825 quam
278 739 433 822 Sophoclis
455 739 641 821 aliorumque
662 739 776 803 habuit.
821 738 1022 818 Quamobrem
1044 737 1142 821 primo
1163 735 1269 800 obtutu

165 842 420 911 verisimillimum
451 841 568 907 videtur
596 861 660 906 6666
694 845 724 906 61
756 842 787 906 16
820 860 856 907 66
885 861 960 925 6166
993 841 1029 906 16
1061 838 1268 924 Xenophontis

164 948 298 1014 moribus
321 945 473 1028 explorata
495 947 565 1010 sunt
586 946 715 1028 perbene
737 945 891 1029 quadrare,
915 946 993 1028 quod
1023 964 1060 1011 66
1088 943 1211 1009 Stobaci
1240 941 1270 1006 fl.

166 1052 261 1131 88‚14
289 1069 358 1116 eum
388 1049 480 1115 etiam
510 1049 692 1132 peculiarem
722 1049 758 1114 16
786 1049 958 1135 Theognide
979 1050 1091 1114 librum
1114 1047 1270 1130 scripsisse

166 1153 377 1238 comperimus.
422 1152 481 1219 Sed
503 1152 575 1237 quid
597 1153 709 1218 dehoc
731 1153 897 1238 fragmento
912 1152 1103 1218 iudicandum
1126 1152 1271 1229 videatur,

166 1258 260 1324 altera
283 1256 456 1340 quaestione
479 1257 622 1322 disserere
643 1257 720 1321 milri
742 1257 928 1340 propositum
951 1259 1006 1321 est.

266 1360 425 1426 Praeterea
446 1360 522 1426 nihil
544 1359 581 1424 de
601 1359 696 1444 lyrica
717 1361 802 1444 poesi
824 1360 956 1439 tradidit,
979 1360 1033 1425 sed
1053 1358 1176 1424 nomina
1203 1359 1273 1422 tan-

165 1464 321 1531 tummodo
344 1467 498 1547 poetarum
522 1464 695 1547 appellavit.
743 1462 929 1529 Simonidem
950 1464 1071 1548 quidem
1101 1464 1271 1545 loquentem

167 1568 285 1634 induxit
306 1568 337 1634 in
359 1568 490 1634 Hierone
513 1568 641 1653 dialogo.
686 1566 773 1650 Quod
796 1571 830 1633 ut
850 1568 961 1634 faceret
981 1568 1213 1651 Xenophontem
1239 1584 1273 1628 66

166 1676 335 1757 permotum
358 1690 424 1738 esse
446 1671 583 1742 arbitror.
606 1671 684 1756 quod
708 1670 892 1738 Simonidem
918 1691 974 1738 usu
1000 1691 1071 1738 cum
1100 1669 1273 1754 Hipparcho

166 1778 196 1842 et
217 1775 342 1842 arctiore
365 1776 498 1841 amicitia
519 1795 588 1842 cum
612 1777 741 1841 Hierone
764 1775 1017 1861 Syracusanorum
1040 1793 1107 1860 rege
1125 1772 1268 1839 coniunc-

166 1885 230 1946 tum
248 1879 339 1946 fuisse
358 1879 569 1966 pervulgatum
585 1882 658 1945 erat.
695 1878 792 1960 Quare
814 1881 863 1946 hic
884 1880 1085 1964 potissimum,
1109 1878 1161 1963 qui
1182 1877 1271 1942 flore·

167 1983 220 2049 bat
241 2001 360 2048 summa
380 1984 476 2068 gloria
498 1983 535 2049 ob
558 1986 725 2050 carminum
744 1985 925 2067 elegantiam
940 1990 1029 2067 atque
1045 1979 1273 2067 sapientiam).

162 2087 206 2154 61
237 2087 402 2172 tyrannidis
435 2087 596 2153 utilitatem
630 2094 660 2153 61
693 2089 830 2154 miserias
859 2086 1068 2155 describendas
1097 2085 1272 2169 aptissimus

168 2195 241 2258 erat.
292 2191 327 2256 ln
356 2190 533 2276 fragmentis
562 2199 658 2269 certe,
687 2211 762 2274 quae
793 2195 907 2257 restant
934 2189 1270 2263 6661666666161166,
1393 2255 1398 2262 ,

168 2296 244 2364 61111
270 2294 463 2379 investigavi,
495 2295 573 2377 quod
596 2294 762 2378 Xenophon
785 2296 949 2378 respexisse
972 2294 1193 2379 666611611661.
1238 2293 1273 2356 ln

168 2399 340 2464 universum
373 2404 474 2463 autern
506 2399 623 2464 ridetur
656 2399 724 2464 huic
757 2401 862 2482 poetae
897 2400 1041 2466 maiorem
1071 2398 1272 2481 impertivisse

168 2503 321 2573 honorem.
346 2521 436 2584 quam
460 2501 556 2578 Plato,
579 2502 747 2586 66161616
772 2505 930 2569 severitate
953 2505 1030 2570 hune
1052 2511 1172 2586 poetam
1204 2519 1274 2565 exa·

168 2604 321 2693 gitavitll.
355 2605 524 2670 -Deinde
550 2604 716 2690 Xenophon
746 2607 798 2671 illo
826 2607 997 2692 locosque
1027 2608 1170 2690 cuiusque
1199 2606 1271 2669 artis

168 2714 323 2795 tamquam
334 2709 515 2794 coryphaeos
527 2713 690 2790 enumerat,
705 2709 938 2794 Melanippidem
947 2714 1163 2777 commemorat
1172 2711 1274 2793 dithy-

167 2815 337 2881 rambicum
365 2815 531 2898 poetam4).
582 2811 665 2893 Quae
695 2817 940 2882 commemoratio
967 2815 1191 2898 Xenophontis,
1225 2813 1276 2897 qui

169 2937 238 2988 eum
266 2918 358 2984 simul
385 2938 454 2985 eum
485 2919 616 2984 Homero
645 2921 676 2984 et
705 2917 852 3002 Sophocle
884 2921 917 2986 in
948 2919 1277 3004 praestantissimorum

168 3025 324 3107 poetarum
346 3041 504 3088 numerum
526 3023 625 3091 refert.
650 3022 871 3107 Melanippidao
893 3043 1011 3090 stimmo
1034 3024 1139 3090 honori
1169 3027 1215 3088 661
1248 3026 1278 3086 61

168 3127 225 3193 166
247 3125 400 3205 iudicium,
423 3126 531 3210 quippe
555 3145 622 3191 cum
646 3127 696 3191 6111
713 3127 748 3192 16
764 3128 847 3194 illius
863 3133 968 3213 poetae
983 3129 1078 3214 gloria
1095 3142 1275 3214 magnopere

170 3228 365 3304 detraxerint,
393 3229 424 3294 in
454 3231 517 3294 6166
546 3233 609 3295 arte
641 3232 757 3313 poetica
779 3232 895 3298 iudicari
908 3233 936 3298 16
965 3231 1046 3298 haud
1068 3231 1280 3317 negligendum

169 3333 296 3402 ridetur.
327 3371 366 3382 -
396 3333 531 3416 Denique
559 3334 649 3400 liceat
675 3335 723 3400 hic
747 3335 839 3402 etiarn
862 3337 979 3403 fabulae
1004 3338 1167 3420 Aesopioao
1190 3355 1278 3402 men·

170 3440 283 3506 tionem
305 3436 422 3516 addere,
446 3457 536 3521 quam
561 3436 728 3524 Xenophon
758 3433 908 3507 enarravit
916 3439 951 3523 ὅ1.
1002 3441 1133 3508 Aliunde
1142 3439 1168 3527 fl)
1199 3440 1279 3506 enim

170 3542 292 3623 scimus,
316 3542 431 3610 Socrati
454 3562 507 3608 nec
529 3544 628 3609 minus
652 3545 715 3611 sine
738 3545 828 3612 dubio
851 3546 915 3611 eius
938 3546 1043 3612 amicis
1066 3544 1280 3620 161616611166,

274 3700 294 3764 ¹)
313 3699 425 3755 Adsmt.
443 3697 496 3754 eth.
515 3694 617 3755 Nicon.
637 3695 668 3764 V,
687 3703 703 3754 3
721 3677 777 3752 καὶ
801 3677 1072 3772 παροιμιαζόμενοί
1100 3701 1221 3773 φαμεν·
1251 3681 1282 3750 ἐν

172 3761 207 3836 δὲ
229 3765 287 3835 δικ.
310 3771 377 3835 κτλ.
401 3785 518 3857 Theogn.
538 3801 562 3838 v.
583 3785 640 3842 117.

275 3871 296 3938 ²)
315 3871 399 3928 Zeller
417 3873 435 3926 1.
454 3874 474 3929 l.
493 3890 517 3944 6.
538 3869 579 3927 11.

277 3957 299 4027 ⁸)
319 3958 403 4016 Η6166
421 3961 438 4017 l.
457 3961 474 4015 1.
494 3975 519 4028 6.
538 3959 580 4015 69.

276 4043 299 4112 ⁴)
318 4046 412 4116 Bergk.
431 4047 462 4102 P.
482 4047 563 4102 16111
583 4064 608 4118 6.
628 4045 703 4102 1214.
1009 4093 1012 4100 .

276 4130 297 4198 ⁵)
315 4131 461 4189 Comment
481 4133 511 4197 11,
530 4135 597 4198 ara
617 4134 670 4190 vid.
689 4131 781 4190 Babrii
799 4131 852 4190 161.
873 4132 929 4190 130.

278 4217 300 4290 lp
318 4217 389 4275 Plat.
407 4217 506 4278 Phasd.
525 4221 557 4276 61
577 4219 607 4278 Β.
