2928 4580
1226 195 1266 269 21

255 397 393 486 Denique
415 397 594 488 allegoricae
617 396 823 484 explicationis
847 399 1016 484 exemplum
1045 417 1156 474 unum,
1186 395 1265 484 quod

154 507 231 593 apud
256 528 323 574 eum
348 507 476 574 occurrit
486 507 520 589 ¹),
544 525 604 572 non
625 506 839 591 negligendum
861 505 975 590 putaui.
1021 506 1056 571 In
1079 525 1136 589 quo
1157 523 1266 572 conce-

154 613 283 678 dendurn
308 614 363 685 est,
386 612 462 676 bano
488 610 702 692 interpretandi
723 611 869 676 rationem
893 611 989 676 multo
1011 611 1110 700 magis
1131 609 1265 676 redolere

116 771 119 778 .
154 718 284 784 Socratis
314 717 478 782 sollertiam
509 737 598 800 quarn
628 716 853 799 Xenophontis,
884 717 993 798 quippe
1017 717 1067 796 qui
1090 716 1119 778 iu
1144 715 1207 780 sole
1230 733 1265 779 ac

154 823 275 903 pulvere
299 822 392 886 vitam
416 821 526 900 degens
547 840 600 904 pro
624 821 755 904 simplici
778 817 871 885 animi
893 822 1000 884 natura
1027 820 1064 884 ab
1091 820 1139 884 his
1167 837 1263 902 nuga·

153 927 238 991 toriis
261 929 349 1008 alque
371 925 614 991 umbratibilibus
637 925 783 991 acuminis
806 924 1067 990 exercitationibus
1085 924 1174 1008 longe
1192 923 1264 989 abe·

154 1033 208 1096 rat.
260 1031 286 1094 A
317 1030 439 1096 Socrate
468 1030 564 1104 euim,
598 1030 647 1112 qui
679 1030 819 1112 „sapiens
848 1030 999 1113 imprimis
1029 1029 1147 1094 sobrius
1176 1029 1262 1095 illam

155 1155 210 1199 nou
234 1135 293 1199 nisi
314 1133 443 1198 ludendo
474 1135 645 1218 attigerat,“
657 1133 683 1219 ²)
715 1135 968 1217 contemptionem
1000 1134 1150 1216 quandam
1180 1152 1263 1198 som·

153 1240 270 1305 nicrum
300 1237 527 1322 allegoricorum
555 1238 736 1304 imbiberant
764 1237 898 1306 sodales.
933 1239 1022 1320 atque
1055 1238 1146 1302 etiam
1184 1237 1263 1320 apud

153 1343 382 1427 Xenophontem
408 1342 499 1408 Couv.
523 1345 579 1413 111,
604 1346 622 1408 6
644 1342 706 1406 leni
729 1340 920 1407 Stesimbroti
943 1341 1129 1425 aliorumque
1145 1341 1261 1406 Home·

152 1449 284 1514 riderem
313 1443 416 1531 utpote
448 1448 614 1512 Homerum
636 1445 856 1512 venditantium
879 1446 1069 1511 cavillatione
1092 1446 1261 1528 aspernatio

154 1551 299 1635 quaedam
322 1551 472 1616 observari
496 1552 603 1632 potest,
627 1569 701 1634 quae
725 1551 811 1615 affert
832 1551 920 1615 nobis
949 1550 1127 1615 memoriam
1156 1548 1262 1615 Plato-

153 1656 200 1721 nis
223 1655 419 1740 contemptim
441 1655 477 1720 de
499 1655 619 1720 illorum
644 1654 960 1740 ο1αο11131οοαον1133),
999 1655 1104 1736 ltaque
1118 1654 1148 1717 in
1169 1651 1261 1719 Oum-

153 1754 245 1826 ment.
269 1759 289 1824 1.
312 1759 344 1833 1,,
367 1760 419 1824 ubi
447 1757 550 1824 Circae
567 1759 729 1824 incantatio
745 1759 904 1843 allegorice
920 1758 1093 1841 explicatur,
1109 1757 1261 1822 neminem

154 1865 284 1948 effugere
305 1864 405 1946 potest
424 1863 532 1939 irrisio,
556 1863 622 1944 quie
648 1882 696 1927 ars
721 1862 775 1927 illa
804 1863 957 1928 recondita
986 1865 1016 1926 et
1043 1862 1132 1944 plena
1162 1861 1261 1927 erudi·

153 1967 244 2033 tionis
267 1966 305 2030 ad
324 1965 515 2048 turpissimas
537 1966 716 2050 oripoiditates
739 1967 971 2049 compescendas
993 1965 1160 2030 adhibetur.

254 2071 359 2135 Restat
388 2072 422 2135 ut
449 2070 552 2152 paucis
581 2090 743 2154 exponam,
775 2072 844 2154 quid
873 2070 1039 2153 Xenophon
1074 2069 1110 2134 de
1139 2070 1177 2134 iis
1210 2069 1261 2152 qui

153 2177 219 2240 tum
252 2174 382 2239 maxime
414 2173 592 2239 Homericae
623 2176 723 2257 poesis
755 2175 863 2240 notitia
896 2173 1082 2240 excellebant
1112 2173 1133 2238 i.
1167 2193 1193 2238 e.
1224 2172 1269 2238 de,

153 2277 310 2361 rhapsodis
331 2277 516 2343 iudicaverit.
562 2274 638 2342 Oum
661 2278 802 2362 rhapsodi
810 2279 836 2366 1)
858 2279 890 2344 id
911 2278 1104 2361 potissimum
1127 2277 1260 2343 studium

153 2382 371 2467 profiterentur,
394 2381 479 2444 utin
501 2380 620 2464 magnis
640 2383 797 2448 hominum
820 2377 954 2448 coetibus
976 2401 1035 2446 non
1052 2382 1149 2446 solum
1164 2381 1260 2446 Athe·

151 2487 300 2551 niensium
329 2504 432 2549 verum
465 2484 558 2572 etiam
588 2486 681 2550 totins
711 2483 854 2551 Graeciae
885 2484 990 2550 diebus
1019 2484 1104 2549 festis
1133 2484 1260 2549 Homeri

152 2590 286 2656 carmina
307 2609 376 2654 cum
398 2591 461 2652 arto
483 2588 659 2666 recitarent,
691 2590 906 2655 accuratiorem
925 2591 1030 2655 autem
1058 2589 1259 2672 cognitionem

152 2695 343 2777 neglegerent
350 2694 385 2775 ⁵),
400 2693 511 2756 mirum
533 2711 592 2756 non
617 2695 671 2766 est,
688 2694 766 2777 quod
781 2694 948 2776 Xenophon
964 2692 1148 2775 despiciebat
1169 2693 1259 2774 rhap-

151 2798 291 2864 sodorum
313 2800 418 2862 artem.
464 2793 657 2879 Contemptui
678 2791 758 2862 enim
774 2798 801 2862 ei
817 2797 1034 2862 cantilenarum
1051 2815 1153 2861 eorum
1174 2794 1260 2861 vani-

148 2905 243 2968 tatem
266 2921 330 2966 esse
352 2918 473 2966 necesse
496 2901 577 2975 erat,
609 2920 678 2967 oum
709 2920 830 2966 omnem
858 2902 1025 2967 carminum
1046 2900 1207 2966 lectionem
1230 2899 1261 2963 et

150 3007 333 3072 auditionem
356 3004 393 3069 ad
415 3003 578 3068 utilitatem
601 3005 787 3070 referendam
811 3025 875 3071 esse
898 3005 1041 3070 censeret.
1094 3002 1153 3068 Sed
1185 3019 1259 3085 quo-

148 3111 230 3174 niam
254 3106 418 3188 rhapsodos
442 3107 541 3171 verbis
563 3109 770 3175 tantummodo
793 3129 852 3174 non
868 3128 955 3174 verae
969 3108 1076 3190 poetae
1094 3105 1260 3171 sententiae

149 3232 271 3294 operam
300 3211 370 3276 dare
404 3209 640 3295 intellexerati),
674 3213 882 3278 recitationem
916 3231 1019 3276 eornm
1050 3208 1087 3274 ad
1116 3208 1259 3274 virtutem

153 3317 228 3382 nihil
250 3316 349 3381 valere
370 3334 547 3398 persuasum
569 3316 698 3380 habebat
707 3315 743 3402 ⁷).

252 3437 272 3502 ¹)
291 3435 437 3490 Commeat.
455 3436 477 3500 I,
496 3438 519 3496 3,
539 3438 562 3491 7.

252 3523 272 3590 ²)
291 3521 479 3591 WolfProleg.
492 3539 518 3592 p.
533 3523 654 3578 CLXIII.
685 3510 832 3594 (τοιαῦτα
848 3503 903 3592 μὲν
917 3503 986 3591 περὶ
1001 3502 1117 3569 τούτων
1137 3498 1259 3577 ἔπαιζεν

150 3592 219 3679 ἅμα
241 3589 441 3675 σπουδάζων.)

251 3695 272 3759 ³)
290 3693 366 3746 Wolf
381 3693 485 3757 Proleg.
504 3709 530 3760 p.
551 3693 672 3750 CLXIII.
690 3695 775 3748 Heine
793 3695 810 3747 1.
829 3693 847 3746 1.
868 3708 893 3760 p.
913 3691 954 3745 19.

251 3782 276 3842 ⁴)
295 3780 370 3834 Wolf
385 3797 409 3848 p.
428 3780 515 3834 XCVI
535 3797 592 3850 sqq.
612 3781 732 3835 Nitzsch.
750 3780 821 3835 Plat.
839 3780 892 3832 lon.
912 3794 936 3846 p.
954 3776 972 3830 4
990 3792 1045 3845 sqq.

251 3871 271 3928 a
291 3867 365 3920 wou
381 3884 404 3934 p.
424 3865 528 3921 cxxxx.

251 3956 273 4021 6)
293 3954 439 4006 comment.
459 3953 505 4006 IV.
524 3954 584 4013 210
604 3935 675 4014 τοὺς
696 3935 756 4022 γάρ
779 3959 825 4000 τοι
848 3931 1009 4019 ῥαψῳδοὺς
1038 3924 1108 3995 οἶδα
1134 3952 1177 3994 πα
1204 3925 1259 4011 μὲν

150 4021 209 4110 ἔπη
233 4020 445 4108 ἀκριβοῦντας,
469 4019 582 4099 αὐτοὺς
604 4021 637 4088 δὲ
656 4021 735 4088 πάνυ
750 4019 890 4107 ἠλιὶνίους
906 4016 1008 4094 ὄντας.
1046 4031 1153 4084 Ocnus.
1173 4029 1223 4091 ΙΙΙ,
1241 4028 1258 4081 6

151 4130 242 4212 δῆλον
265 4131 325 4211 γὰρ
348 4177 355 4190 .
379 4176 386 4189 .
411 4176 417 4189 .
439 4122 488 4190 b‘cr
510 4146 569 4201 τας
590 4121 733 4200 ὑπονοίας
754 4121 809 4188 οὐκ
833 4120 1021 4186 ἐπίστανται.

252 4230 274 4300 τ)
293 4226 387 4300 oyrcp.
407 4227 457 4290 ru,
476 4228 543 4290 aaa
572 4205 850 4300 dccddappotcag.
