2928 4580
189 193 233 268 22

295 387 375 454 Satis
403 386 532 454 dilneide
562 387 655 476 igitur
683 389 902 460 demonstrasse
934 393 1009 460 mihi
1044 394 1162 477 videor,
1196 393 1304 464 Xeno·

192 491 335 575 phontem
356 492 489 558 Homero
512 497 668 577 poetarum
692 496 817 580 prirroipi
841 517 991 564 summam
1015 500 1224 568 austeritatem
1241 503 1301 568 tri·

192 596 302 669 tuisse,
325 616 507 682 quamquam
529 617 598 664 eum
620 601 720 682 potius
742 603 978 685 ampleetebatur
1002 625 1102 670 amore
1124 609 1154 672 et
1183 607 1306 674 uolebat

194 720 284 785 quam
306 701 443 786 diligenti
464 701 562 767 studio
585 705 834 787 perserutabatur.
880 707 992 790 ltaque,
1017 712 1050 772 ut
1070 709 1199 774 breviter
1214 729 1303 794 repe·

193 807 267 882 tam,
290 824 365 888 quae
385 806 442 871 hae
464 804 664 891 disputatione
687 809 792 875 effoeta
821 812 899 890 suut,
931 811 1082 878 Homerus
1112 812 1250 883 laudatur
1280 835 1301 879 a

194 908 402 992 Xenophonte,

260 1030 288 1098 1.
312 1029 382 1117 quia
410 1030 542 1096 earmina
574 1029 722 1110 condidit,
753 1051 826 1117 quae
849 1032 1017 1102 oondueuut
1039 1035 1076 1101 ad
1108 1055 1224 1105 momm
1256 1037 1305 1104 di-

313 1133 486 1218 seiplinam;

259 1254 288 1320 2.
311 1253 383 1342 quia
392 1255 529 1340 exempla
539 1255 779 1340 praeclarissima
790 1255 876 1322 nobis
887 1258 1042 1341 proposuit
1054 1258 1091 1324 ad
1104 1259 1283 1326 imitandum
1297 1285 1306 1341 ς

258 1357 289 1424 3.
312 1358 381 1444 quia
404 1359 493 1424 etiam
517 1359 664 1426 derebus
687 1361 801 1444 exiguis
823 1365 981 1445 praesepta
1008 1363 1139 1436 tradidit.

298 1480 334 1544 In
356 1479 473 1547 dioendi
494 1500 602 1566 genere
624 1484 701 1547 hane
722 1481 783 1545 vim
807 1483 912 1547 habuit
933 1483 1057 1548 Homeri
1081 1483 1221 1569 eogrritio,

263 1583 291 1652 1.
314 1584 348 1652 ut
364 1585 552 1651 sermonibus
565 1585 700 1668 lepidum
716 1585 941 1655 condimentum
956 1588 1108 1661 insereret,
1127 1608 1195 1653 eum
1211 1587 1307 1654 animi

315 1706 405 1753 eausa
425 1708 526 1754 rerum
548 1689 777 1757 Homerioarum
801 1690 983 1756 mentionem
1008 1693 1132 1768 facerem

263 1791 293 1860 2.
315 1792 350 1855 ut
371 1791 401 1856 in
425 1792 609 1858 orationibus
631 1792 774 1877 arriperet
800 1793 945 1859 maiorem
974 1793 1151 1878 dignitatem
1182 1793 1309 1860 Homeri

317 1893 486 1961 fabularum
508 1895 730 1971 reeordatione3

262 1996 293 2066 3.
315 1999 354 2066 ut·
376 1997 573 2065 Homerieum
602 2019 689 2066 usum
720 1999 861 2084 loquendi
884 2003 936 2066 aut
957 2001 1034 2067 serio
1057 2003 1108 2066 aut
1130 2021 1183 2086 per
1204 2000 1304 2067 ioeum

315 2101 490 2170 imitaretur,

302 2220 403 2290 Simili
424 2222 512 2288 modo
535 2222 661 2290 Homeri
683 2221 814 2289 studium
837 2221 1066 2306 deprehenditur
1088 2225 1118 2289 in
1137 2224 1306 2290 narratione

201 2344 301 2392 rernm
324 2329 487 2412 gestamm,
510 2328 651 2412 quoniam
672 2325 838 2410 Xenophon
868 2328 899 2392 in
928 2329 1017 2393 rebus
1045 2329 1248 2395 describendis
1278 2331 1308 2394 et

202 2431 377 2499 exornandis
398 2432 549 2499 interdum
570 2432 602 2497 in
624 2432 776 2515 epieorum
798 2449 914 2497 morem
936 2431 1050 2497 insidit.

303 2569 438 2654 Denique
467 2570 505 2636 ad
531 2569 675 2635 iudicium
704 2569 767 2634 eius
796 2568 832 2633 de
858 2569 1039 2634 oarminibus
1064 2569 1189 2634 Homeri
1211 2568 1305 2654 perti·

201 2680 273 2742 nent
293 2674 378 2756 haee,

268 2780 295 2846 1.
318 2777 396 2861 quod
418 2777 538 2854 fabulis,
562 2775 651 2842 sieuti
673 2773 801 2851 ridetur,
822 2774 913 2841 fidem
936 2774 1057 2853 habuit3

267 2885 296 2948 2.
321 2881 400 2965 quod
420 2885 538 2965 praeter
567 2881 693 2945 iliadem
721 2881 751 2944 et
780 2878 945 2963 Odysseam
975 2880 1092 2945 nullum
1123 2897 1241 2942 oarmen
1273 2875 1309 2940 ab

320 2986 453 3054 Homero
475 2985 629 3051 eonditum
652 3003 716 3049 esse
738 2988 855 3061 oensem
959 2985 963 2992 ’

267 3092 298 3155 3.
323 3089 401 3172 quod
422 3107 480 3154 non
495 3088 596 3155 minus
611 3087 802 3172 allegoricam
817 3086 1094 3170 interpretationem
1109 3103 1200 3170 quam
1221 3084 1310 3167 rhap-

321 3192 463 3258 sodorum
486 3196 580 3257 artem
603 3191 776 3257 contemnit.
804 3226 839 3239 -

311 3467 369 3534 Sed
393 3468 511 3534 etiamsi
533 3469 684 3534 Homerus
706 3469 737 3534 in
759 3487 887 3545 summo,
909 3470 943 3532 ut
964 3465 1103 3534 uidimus.
1119 3463 1195 3548 apud
1212 3463 1309 3528 Xeno-

209 3571 352 3654 phontem
376 3575 440 3638 erat
460 3573 581 3652 honore,
604 3575 705 3639 tamen
726 3593 780 3656 per
802 3593 833 3638 se
854 3571 1007 3656 probabile
1022 3573 1076 3644 est,
1093 3572 1185 3634 etiam
1202 3567 1308 3631 Hesio·

210 3674 281 3739 dum
311 3676 390 3760 apud
419 3696 488 3741 eum
516 3677 548 3740 in
577 3676 753 3742 auctoritate
782 3677 862 3742 haud
883 3675 1026 3742 mediocri
1047 3674 1147 3738 fuisse.
1192 3671 1308 3735 Htonim

210 3777 351 3860 quoniam
374 3778 604 3862 uniuscuiusque
626 3784 731 3862 poetae
753 3782 895 3846 virtutem
916 3781 948 3846 in
970 3779 1104 3844 moribus
1119 3775 1309 3842 emendandis

206 3881 337 3966 positam
359 3902 424 3949 esse
446 3882 594 3960 censebat,
617 3883 681 3949 fieri
704 3903 763 3949 non
784 3885 882 3968 poluit
904 3884 976 3967 quin
998 3903 1032 3948 ex
1054 3879 1180 3946 Hesiodi
1202 3879 1308 3946 earmi-

205 3986 292 4051 nibus
314 3987 520 4053 incredibilem
543 3991 663 4072 eaperet
684 3987 923 4053 deleetationem.
967 3987 1071 4069 ltaque
1094 4003 1165 4049 snae
1188 3983 1223 4048 de
1251 3982 1307 4048 uti·

203 4089 288 4154 litate
326 4092 480 4172 poetamm
516 4091 679 4155 sententiae
716 4110 775 4156 non
811 4094 930 4157 tantum
966 4091 1087 4173 quidem
1121 4089 1243 4167 tribuit,
1278 4087 1308 4152 ut

204 4193 370 4260 Homerum
393 4191 585 4277 posthaberet
607 4193 748 4276 Hesiodo,
772 4214 876 4261 verum
899 4198 1000 4261 tamen
1022 4199 1103 4258 corta
1126 4192 1253 4276 uestigia
1279 4189 1307 4254 in
