2928 4580
1259 208 1299 280 13

184 419 254 467 cnm
283 398 385 468 crebro
412 395 467 492 tali
495 395 622 464 vanitati
652 397 840 483 impudentia
868 417 903 466 ac
934 400 1101 484 procacitas
1134 400 1297 467 coniuncta

184 506 272 594 esset.
315 502 415 586 Atque
435 503 510 568 haec
531 520 635 569 severa
649 503 785 570 dochiua
798 503 990 588 Xenophonti
1003 503 1102 570 Ulixis
1114 503 1139 590 ¹)
1155 506 1295 589 exemplo

184 607 258 673 satis
279 606 472 692 comprobata
493 605 669 688 videbatur,
697 610 747 688 ut,
777 627 847 674 cum
877 609 1032 674 aecusator
1053 604 1188 673 crebram
1210 607 1293 673 illins

182 711 242 778 leci
261 711 465 776 laudationem
486 709 524 775 ad
545 710 764 794 reprehendam
787 711 971 795 arripuisset,
990 711 1157 794 Xenophon
1172 709 1291 777 fortiter

184 813 316 880 Socratis
335 814 519 898 Homerique
540 813 741 897 patrocinium
764 815 939 898 susciperet.

286 986 351 1052 Iam
374 1005 443 1052 vero
465 985 627 1053 arbitratur
647 1005 902 1072 unumquemque,
923 986 1103 1053 sirenarum
1116 982 1297 1050 militarium
1348 989 1351 995 ’

183 1089 335 1156 studiosus
356 1089 397 1156 sit
423 1090 486 1156 sive
515 1090 735 1174 rempublicam
764 1110 919 1176 capessere
948 1090 1035 1172 velit,
1068 1109 1104 1155 ex
1131 1087 1188 1153 hoo
1214 1087 1296 1152 fonte

182 1193 302 1259 aeterno
324 1192 509 1276 praeclaram
530 1192 689 1261 scientiam
710 1195 829 1262 haurire
850 1213 950 1278 posse.
963 1193 991 1280 ²)
1034 1192 1117 1259 Nam
1140 1191 1293 1256 Homerus

183 1296 319 1380 exempla
334 1297 644 1380 praeclarissimorum
658 1299 792 1366 uiromm
808 1299 898 1365 sicuti
912 1296 1026 1364 Achilli
1039 1295 1142 1363 Aiacis
1152 1294 1291 1362 Nestoris

285 1452 347 1516 11Β
371 1452 522 1510 188-191
540 1455 569 1510 et
594 1453 689 1511 198-
702 1455 762 1510 202.
804 1454 837 1510 In
860 1454 902 1510 hia
927 1451 1047 1509 versibus
1072 1468 1089 1507 a
1115 1448 1290 1518 Xenophonte

181 1534 323 1607 adscriptis
341 1537 466 1596 duceres
484 1543 631 1597 memoratu
648 1541 745 1614 dignae
762 1541 894 1598 ridentur.
929 1539 1050 1597 Primum
1067 1539 1138 1596 enim
1161 1552 1178 1591 a
1200 1535 1294 1590 Xeno-

182 1623 280 1691 phonte
297 1642 342 1680 sex
358 1643 449 1682 uersus
467 1628 645 1697 (loa-197)
664 1629 928 1700 praetermittuntur,
953 1643 1018 1699 quos
1041 1624 1147 1697 quidem
1166 1623 1289 1692 (excepto

184 1708 244 1774 lea)
266 1711 320 1768 iam
342 1713 514 1771 Aristarchus
537 1717 722 1774 exterminavit
746 1719 827 1788 atque
849 1715 901 1772 viri
925 1713 999 1770 docti
1021 1710 1176 1770 recentioris
1195 1707 1293 1764 aetatis

181 1795 264 1852 nihilo
281 1799 370 1854 minus
388 1801 518 1859 eiciendos
537 1805 706 1873 putauerunt.
741 1804 772 1860 L.
790 1801 923 1859 Dindortli
940 1801 1019 1858 adh.
1037 1801 1057 1856 1.
1079 1797 1221 1861 sententia,
1249 1795 1297 1866 qni

180 1881 382 1954 Xenophontem
407 1889 455 1945 hos
481 1906 572 1946 uerene
598 1891 630 1946 ut
656 1891 724 1947 nihil
751 1890 786 1947 ad
811 1907 866 1946 rem
890 1889 1054 1960 pertinentes
1082 1883 1292 1957 praetermisisse

181 1975 279 2038 censet,
297 1973 443 2042 probabilis
461 1979 510 2032 est.
547 1975 599 2033 Sed
616 1977 712 2033 mirum
723 1979 774 2044 est,
786 1976 857 2049 quod
869 1978 1005 2047 praeterea
1016 1975 1180 2031 omittuntur
1196 1986 1290 2026 versus

181 2057 240 2112 202.
270 2076 352 2131 seqq„
382 2064 431 2134 qui,
455 2064 521 2119 item
553 2065 665 2121 alteram
698 2065 784 2122 Ulixis
815 2065 962 2122 orationem
990 2061 1170 2133 amplificant,
1200 2073 1291 2129 quarn-

180 2159 268 2214 quam,
286 2163 346 2204 cnm
362 2152 453 2219 aperte
470 2168 501 2206 ex
519 2153 665 2222 posteriore
681 2154 780 2219 aetate,
798 2152 844 2208 uhi
860 2167 953 2222 regum
971 2150 1121 2207 defensores
1139 2147 1181 2201 ine
1199 2143 1292 2214 poan

180 2231 367 2291 circumcidere
390 2237 548 2306 studebant,
572 2239 703 2296 traxerint
726 2238 863 2310 originem,
887 2238 1023 2308 aptissimi
1040 2236 1163 2299 fuerant,
1188 2232 1234 2304 (lui
1258 2231 1292 2287 ab

176 2323 331 2376 accusatore
349 2325 379 2378 ut
396 2324 532 2381 Socratem
549 2327 577 2381 in
588 2326 717 2382 invidiam
728 2327 855 2382 coement
865 2324 1094 2395 exprobrarentur.
1122 2321 1179 2377 Nee
1191 2319 1293 2374 dorch-

177 2406 334 2473 hemmenam,
352 2409 402 2465 Die
418 2411 535 2468 hbbaner
553 2412 607 2468 und
625 2413 760 2477 Socrates,
784 2412 827 2467 die
851 2412 968 2469 Gesetxl.
990 2428 1016 2466 n.
1041 2409 1067 2466 d.
1092 2404 1292 2463 Revolntionair

177 2509 204 2562 p.
221 2495 256 2550 52
273 2511 330 2566 sqq.
347 2513 401 2553 non
417 2497 566 2555 landandus
583 2502 634 2565 eet,
652 2499 723 2570 qnod
741 2497 773 2554 de
791 2500 840 2555 hae
858 2516 886 2555 re
904 2497 1015 2562 monuit,
1038 2509 1197 2569 quamquem
1223 2489 1293 2562 qnod

177 2583 314 2651 praeterea
337 2583 370 2639 de
393 2585 443 2642 hoo
466 2587 524 2642 loco
548 2587 700 2657 suspicatus
725 2588 768 2642 est
791 2589 864 2643 recte
885 2585 1059 2656 redarguitur
1082 2600 1099 2639 a
1119 2579 1292 2637 belloroth

176 2683 202 2736 p.
221 2666 304 2734 lata.
339 2669 453 2729 Uberius
472 2673 506 2730 de
523 2675 640 2746 genuina
659 2674 738 2731 huius
763 2673 815 2730 loci
839 2674 925 2730 forma
948 2671 1097 2742 disputavit
1121 2669 1155 2726 G.
1180 2666 1289 2722 Gurtiua

177 2753 271 2812 Philol.
289 2756 333 2812 IlI
350 2774 375 2828 p.
395 2760 436 2815 11.
453 2791 489 2804 -
506 2760 629 2818 Ueterum
647 2762 732 2819 forma
751 2763 845 2818 horum
862 2777 993 2824 veranum,
1011 2757 1093 2814 sicuti
1110 2753 1181 2826 apud
1198 2753 1287 2809 Xeno·

176 2840 301 2910 phontem
328 2845 483 2913 traduntur,
509 2850 584 2905 nulla
608 2865 637 2906 ro
664 2849 699 2904 ab
725 2848 834 2904 Homeri
858 2849 935 2903 textu
958 2845 1093 2915 discrepat
1117 2843 1167 2914 (La
1191 2839 1288 2904 Boohe,

174 2946 281 3005 Homer.
299 2950 429 3007 Tertia-it.
446 2969 472 3022 p.
490 2953 548 3020 37),
566 2950 839 3025 praeterquamquod
857 2966 881 3005 r.
898 2948 948 3004 198
960 2930 1064 3000 ὅντινα
1086 2925 1118 2997 δ’
1132 2916 1171 2995 αὖ
1189 2923 1288 3013 δήμου

173 3054 210 3100 τι
233 3030 331 3123 ἄνδρα
351 3042 419 3106 κτλ.
436 3072 467 3111 ex
485 3055 599 3112 Homero
616 3056 645 3113 in
660 3037 696 3107 ‘dr
719 3037 751 3106 δ’
765 3026 804 3107 αὖ
825 3039 893 3105 κτλ.
907 3051 1051 3110 mutandus
1066 3053 1115 3108 est.
1153 3045 1204 3104 Sed
1222 3043 1291 3100 illud

173 3157 220 3220 τε,
239 3155 309 3226 qnod
329 3158 361 3214 F.
379 3159 411 3216 A.
430 3159 510 3228 Woll,
528 3161 573 3218 Ur.
592 3161 729 3232 Spitzner‚
753 3160 787 3217 G.
812 3155 928 3216 Dindorl
949 3156 1052 3212 Veneto
1075 3153 1188 3224 aliisque
1212 3149 1289 3206 libris

172 3242 370 3314 refragantibus
393 3250 549 3318 receperunt
573 3250 653 3320 atque
677 3249 778 3304 Bellen
801 3246 890 3317 (Hom.
915 3245 952 3301 bl.
973 3260 998 3314 p.
1019 3243 1069 3298 164
1086 3243 1140 3311 sq.)
1159 3234 1287 3298 defendit,

172 3333 222 3388 hoc
239 3332 317 3389 modo
335 3333 489 3390 testimonio
507 3335 575 3391 satis
593 3337 703 3407 antiqno
721 3334 842 3390 firmatur
860 3348 891 3388 eo
909 3330 1004 3402 magis,
1022 3328 1093 3400 quod
1111 3322 1182 3396 apud
1199 3323 1287 3379 Xeno·

173 3420 299 3488 phontem
316 3421 382 3478 haee
399 3421 478 3477 lectio
498 3423 555 3480 sola
573 3424 721 3480 sententiae
734 3419 933 3478 accommodata
945 3419 995 3474 est
1025 3417 1191 3485 Quamquam
1204 3411 1289 3481 igitur

172 3523 201 3579 in
218 3525 315 3581 veneti
332 3526 466 3597 scriptura
487 3507 523 3577 ‘da
553 3507 585 3579 δ’
599 3499 638 3578 αὖ
662 3505 761 3597 δήμου
777 3503 875 3595 ἄνδρα
890 3503 950 3574 ἴδοι
964 3499 1103 3587 βοόωντά
1127 3498 1160 3569 τ’
1171 3494 1290 3586 ἐφεύροι

96 3597 103 3608 ’
171 3609 261 3668 hiatus
285 3614 424 3670 offensioni
448 3631 502 3670 non
527 3617 569 3670 est
595 3615 716 3680 (Hartel,
740 3611 847 3668 Homer.
872 3608 945 3666 stud.
969 3625 996 3678 p.
1019 3607 1082 3674 108)
1101 3607 1129 3661 et
1154 3601 1289 3658 sententia

171 3717 264 3774 melior
281 3735 313 3774 ac
330 3718 428 3775 rectior
439 3717 563 3785 efficitur,
575 3721 666 3776 tamen
678 3715 842 3774 accusatoris
855 3714 954 3770 mimen
968 3690 1077 3781 (ababa
1095 3687 1288 3777 ἐξηγεῖδῗαι,

171 3799 212 3884 ὡς
239 3801 255 3872 ὃ
284 3827 414 3893 aarum<
445 3804 583 3894 ἐπαινοίη
611 3801 765 3873 corimbos
785 3822 858 3881 τοις
889 3794 1029 3888 δημότας
1057 3790 1115 3862 καὶ
1139 3791 1289 3876 πένητας)

170 3910 255 3964 multo
273 3909 435 3965 luculentius
452 3908 492 3975 fit,
510 3909 534 3964 si
551 3909 685 3979 particula
703 3911 738 3956 'ta
759 3905 860 3960 inserta
883 3901 974 3959 Ulixes
998 3898 1114 3969 primum
1140 3908 1230 3949 omues
1256 3891 1289 3946 de

169 3998 246 4068 plebe
263 3996 382 4054 homines
400 3995 496 4053 deinde
513 3997 595 4054 etiam
617 3993 794 4053 vociferantes
818 3988 972 4049 varenam
997 3983 1157 4044 mulcaviase
1181 3977 1282 4036 dicitur

170 4084 205 4142 of.
222 4085 312 4142 Ameie
329 4085 399 4144 Aah
416 4100 441 4142 a·
458 4083 537 4144 Hom.
554 4083 588 4145 Il
605 4083 620 4144 1
637 4100 663 4156 p.
683 4080 741 4142 111.

272 4190 293 4264 ⁸)
311 4189 394 4251 (leur.
412 4190 460 4280 lv,
478 4193 503 4255 t.
