2928 4580
153 379 235 445 mus,
255 360 358 446 quum
377 353 571 452 Xenophonti
591 354 651 450 ipsi
672 353 799 447 probata
813 353 956 450 horitan
972 352 1162 446 displicuerit
1178 357 1268 446 atque

154 467 269 553 passim
299 464 391 532 etiam
421 464 580 554 praecepta
610 483 646 531 ox
673 463 843 530 manatione
871 461 961 530 dueta
993 463 1076 530 illico
1109 465 1265 532 addantur.

155 572 306 654 Quantum
330 569 455 636 interest
476 567 555 634 inter
569 566 756 654 Thucydidis
769 567 928 634 historiam
944 569 974 634 et
989 569 1149 636 Hellenica
1167 571 1269 638 Xeno-

154 675 291 762 phontis!
342 672 462 757 Ubique
488 671 521 738 in
548 671 691 739 historiae
721 672 849 742 materia
878 671 1040 757 digerenda
1071 675 1101 738 et
1128 675 1267 760 eligenda
1397 675 1399 678 ’

155 779 255 846 studio
283 795 336 844 suo
366 777 401 842 ut
429 794 488 841 nen
516 774 617 843 dicam
643 774 764 846 libidini
798 775 950 862 indulgot;
980 795 1083 842 earum
1115 776 1271 846 dumtaxat

155 884 266 950 artium
279 879 390 949 litteris
403 879 567 945 mandabat
580 879 750 963 praecepta,
765 898 841 964 quae
855 879 914 964 ipsi
930 879 1151 948 oblectamento
1173 884 1267 955 eraut.

68 1045 70 1050 .
156 1005 275 1054 omnem
303 984 497 1052 utbreviter
526 982 626 1049 dicam
653 982 868 1068 cogitationem
901 984 932 1048 et
964 983 1114 1052 aetianam
1150 986 1188 1052 ad
1223 987 1270 1055 sui

157 1091 250 1158 animi
285 1089 434 1157 rationem
472 1086 600 1173 dirigere
633 1086 759 1153 solebat.
814 1084 881 1167 Qua
913 1085 1124 1172 Xenophontei
1156 1090 1270 1176 ingenii

59 1181 69 1201 ’
156 1196 263 1264 natura
290 1193 437 1271 efficitur,
464 1192 499 1257 ut
527 1189 616 1256 facile
645 1190 773 1258 aliorum
802 1208 919 1274 quoqne
940 1191 1087 1259 rationem
1108 1194 1273 1277 perspiciat

157 1300 188 1366 et
209 1298 352 1383 cuiusque
373 1295 521 1381 pereipiat
546 1293 690 1362 indolem.
735 1293 882 1375 Quocirca
909 1294 1026 1380 primus
1056 1296 1272 1381 copiosioribus

156 1422 276 1469 morum
289 1399 540 1486 descriptionibus
551 1399 731 1469 introductis
747 1435 780 1446 ·-
796 1399 826 1466 id
841 1398 921 1484 quod
934 1397 1066 1466 Socratis
1077 1401 1272 1486 potissimum

157 1507 340 1574 institutioni
376 1505 484 1574 debore
516 1504 636 1573 videtur
669 1542 709 1553 -
742 1523 834 1590 grave
871 1505 902 1570 et
937 1503 1092 1596 egregium
1129 1504 1272 1587 historiae

159 1610 276 1677 addidit
296 1608 517 1703 ornamentum.
560 1609 646 1702 Haec
668 1608 762 1695 igitur
784 1608 951 1676 alienorum
972 1626 1091 1676 morum
1114 1610 1274 1698 perspicua

158 1713 318 1798 descriptio
330 1712 422 1792 etiam
435 1731 502 1777 eam
513 1711 577 1776 vim
588 1711 704 1791 habuit,
716 1712 750 1776 ut
760 1711 793 1776 in
804 1710 904 1778 verbis
916 1710 1062 1798 eligendis
1078 1731 1274 1798 personarum

159 1836 317 1888 aerenum
339 1815 603 1883 describendarum
626 1817 766 1882 naturam
788 1815 950 1906 respiceret
975 1816 1006 1880 et
1033 1818 1178 1900 quantum
1209 1816 1275 1885 fieri

158 1922 277 2008 poterat
297 1920 418 2006 propria
439 1919 586 1986 voeabula
615 1920 780 1987 adhiberet.
829 1918 932 1992 Pauca
961 1919 1099 2003 exempla
1125 1920 1276 1988 sufficient

160 2025 197 2092 ad
224 2024 304 2090 hune
333 2043 423 2090 usum
450 2022 727 2092 demonstrandum.
780 2023 878 2090 Anah.
906 2022 976 2102 VII,
1005 2023 1056 2100 1,8
1077 2023 1275 2092 introducitur

159 2126 466 2196 Lacedaemoniorum
492 2128 647 2194 hermesta
671 2127 789 2194 dicens:
811 2175 820 2193 .
854 2175 862 2192 .
896 2123 977 2193 ,ὅτι
998 2122 1032 2193 od
1053 2124 1136 2214 ταχὺ
1157 2125 1277 2217 ἐξέρπει

159 2257 196 2300 το
220 2227 411 2318 στράτευμα,
435 2251 510 2316 quae
532 2232 624 2299 verba
644 2231 812 2322 Xenophon
834 2230 898 2296 sino
920 2227 1011 2297 dubio
1032 2231 1153 2315 propter
1174 2231 1276 2320 gravi·

159 2337 256 2402 tatem
277 2335 321 2400 rei
344 2334 599 2418 quemadmodum
613 2334 859 2422 pronuntiaverat
874 2333 955 2426 Laco
970 2333 1091 2419 penitus
1112 2333 1275 2400 momoriae

161 2439 306 2505 affixerat.
349 2438 518 2506 identidem
540 2440 614 2506 facit
627 2438 883 2507 Lacedaemonios
898 2437 1064 2504 orationem
1080 2435 1275 2518 incipientes:

161 2539 213 2610 ναὶ
241 2565 286 2608 τω
315 2539 370 2608 σιώ
401 2541 500 2609 Anab.
529 2543 583 2623 VI,
607 2544 698 2622 6343
727 2543 797 2624 vn,
820 2542 913 2623 6,39;
935 2540 1016 2606 Hist.
1041 2538 1275 2628 Gr.1v,4‚10.

162 2635 202 2712 aa
223 2644 396 2711 Herodotus
417 2645 455 2725 V,
478 2646 520 2714 63
543 2645 573 2713 et
596 2645 786 2733 Thucydides
808 2645 834 2727 Ι,
858 2645 917 2711 111
934 2644 1165 2734 nominaverant
1179 2643 1275 2711 Thos-

163 2747 295 2814 salorum
310 2748 471 2814 dictatores
486 2749 644 2834 βασιλέας,
662 2749 743 2837 apud
756 2749 987 2834 Xenophontem
1002 2747 1134 2832 primum
1150 2747 1279 2816 occurrit

164 2870 235 2917 vera
263 2852 425 2936 appellatio
454 2850 552 2939 ταγός
577 2839 661 2920 Hist.
692 2853 744 2922 Gr.
773 2853 827 2934 VI,
849 2845 910 2938 Ι1,8
931 2853 963 2919 et
983 2850 1072 2929 alihi;
1095 2852 1175 2938 quod
1196 2853 1278 2919 idem

166 2951 246 3021 eadit
266 2955 298 3022 in
321 2940 411 3044 picea
434 2975 492 3041 quo
513 2958 635 3024 nomine
650 2955 883 3029 Lacedaemonii
896 2958 1014 3038 partem
1030 2955 1179 3038 quandam
1195 2975 1278 3023 erer-

166 3059 244 3125 eitus
272 3059 492 3144 significabant,
516 3060 611 3128 Thne.
634 3061 672 3142 V,
695 3062 737 3130 68
758 3061 834 3126 Xan.
857 3059 938 3134 Hist
962 3057 1014 3124 Gr.
1037 3058 1077 3148 Il,
1103 3059 1194 3142 4‚22;
1225 3059 1278 3134 IV,

167 3163 250 3244 5‚11.
294 3163 362 3229 Hac
383 3163 477 3249 igitur
497 3165 629 3247 rabone,
657 3183 696 3230 ne
717 3164 805 3249 plura
834 3161 982 3252 eiusmodi
1011 3165 1180 3250 consector,
1209 3183 1279 3247 per-

167 3266 265 3332 multa
286 3267 384 3333 aliena
405 3267 553 3334 voeabula
574 3268 612 3334 ab
635 3287 670 3335 eo
692 3268 787 3335 ascita
808 3264 982 3351 explicanda
1004 3267 1082 3331 sunt.

269 3403 406 3470 Eandem
427 3406 530 3472 autem
551 3405 719 3498 explicandi
739 3405 888 3474 rationem
911 3402 1041 3470 Gobetus
1068 3405 1279 3489 (Mnemosyne

168 3505 209 3573 N.
233 3505 264 3573 S.
286 3509 333 3576 ΠΙ
353 3529 383 3595 p.
407 3509 471 3577 214
492 3508 576 3596 sqq.)
594 3509 632 3575 ad
654 3510 754 3576 cetera
775 3528 793 3575 a
815 3509 924 3580 sinceri
946 3511 1092 3577 atticismi
1113 3530 1171 3577 usu
1197 3529 1281 3577 reee-

169 3608 271 3675 dentia
290 3611 438 3678 vocabula
459 3613 632 3694 transtulit,
661 3633 737 3698 quae
765 3616 882 3681 veteres
910 3614 1104 3700 grammatici
1133 3610 1282 3703 ποιητικά

168 3713 218 3779 rel
249 3711 383 3800 τροπικά
416 3716 611 3802 appellabant
638 3718 669 3783 et
696 3718 876 3785 recentiores
903 3738 1021 3804 quoque
1050 3719 1107 3788 riri
1136 3720 1217 3788 docti
1245 3741 1282 3788 er

168 3817 327 3902 poetarum
349 3818 480 3887 dictione
501 3821 623 3888 hunno
637 3822 806 3889 autumant
843 3823 923 3890 Ante
938 3821 1086 3890 coactum
1102 3825 1204 3892 autem
1217 3825 1280 3892 iarn

169 3920 221 3985 Ilr.
251 3920 382 3987 Haasius
413 3921 463 4009 (do
492 3943 556 4010 rep.
584 3923 695 3990 Laced.
722 3945 753 4009 p.
783 3925 861 4010 338)
882 3928 914 3994 et
935 3926 1104 3995 Heilandus
1125 3927 1282 4012 (Quaestio

169 4023 206 4089 de
228 4023 357 4091 dialecto
378 4026 516 4112 Xenoph.
538 4048 567 4112 p.
593 4028 649 4114 12)
671 4028 769 4095 multa
790 4029 870 4112 apud
884 4029 1115 4116 Xenophontem
1137 4033 1284 4102 voeabula

168 4127 314 4194 nontam
335 4129 455 4212 poetica
476 4149 567 4213 quam
589 4131 739 4198 Laconica
767 4133 816 4199 rel
838 4133 941 4202 Ionica
963 4134 1102 4218 habenda
1124 4155 1190 4204 esse
1209 4156 1283 4204 oen·
