2928 4580
1272 217 1314 296 37

200 402 402 493 ouiusounque
424 403 531 474 aetatis
560 403 744 493 Theognidis
773 405 885 494 elegias
914 400 1103 498 σύγγραμμα
1135 405 1313 494 appellasse,

199 510 269 594 quia
291 511 449 594 praecipue
472 512 583 594 seripta
606 531 681 595 quae
704 511 741 578 ad
763 514 843 578 artes
875 516 1020 599 quasdam
1049 513 1240 597 pertinebant
1269 514 1312 580 sio

197 617 363 697 nunoupari
385 616 531 692 solebant,
554 618 584 680 et
605 615 814 698 Xenophontis
837 620 949 702 scripta
970 619 1086 683 minora
1109 617 1170 683 fere
1192 636 1312 701 semper

77 785 82 796 ,
198 717 241 782 sio
264 719 419 784 nominata
441 739 506 784 esse
520 720 707 786 invenimus:
731 718 864 785 Galenus
880 721 918 786 ad
934 721 1127 804 Hippooratis
1151 719 1219 786 libr.
1244 717 1314 808 περὶ

198 819 289 908 ἀοῖνρ.
329 823 440 888 18301
474 822 610 909 (Kuehn)
641 818 693 888 διὰ
722 819 813 890 τοῦτό
843 845 935 911 φασιν
968 821 1124 913 &praehere
1151 819 1204 890 aba
1225 822 1314 897 Ξενο-

196 928 302 1011 φῶντα
323 930 376 992 τοῦ
406 922 649 1012 συγγράμματος
677 923 914 1010 (Οἰκονομικοῶ)
944 925 1056 1004 οὕτως·
1085 927 1174 1010 Diog.
1207 925 1240 990 L.
1271 925 1314 998 ΙΙ,

196 1027 269 1098 une
303 1026 471 1115 (Ξενοφῶν)
507 1025 585 1114 ἀνὴρ
619 1024 662 1094 τοί
690 1051 725 1093 τε
755 1023 837 1093 ἄλλοι
864 1026 994 1114 γεγονῶς
1024 1026 1159 1116 apansa,
1190 1025 1246 1096 καὶ
1276 1008 1314 1114 δὴ

194 1128 249 1197 καὶ
271 1131 414 1216 φῶιππος
435 1130 490 1200 καὶ
509 1127 709 1216 φιλοκύνηγος
723 1128 778 1196 καὶ
793 1129 954 1210 τακτικὸς,
970 1128 1010 1208 ῶς
1026 1132 1061 1198 ἐκ
1077 1134 1136 1196 τῶν
1154 1126 1310 1216 συγγράμ-

194 1231 302 1319 pareo
331 1236 429 1321 δῆλον.
460 1234 537 1299 Xan.
567 1232 604 1298 de
633 1251 664 1297 re
697 1252 763 1315 equ.
793 1231 816 1311 l,
850 1235 864 1297 l
897 1235 1068 1320 συνέγραψε
1098 1230 1152 1318 μὲν
1185 1219 1314 1300 οὖνκαὶ

195 1336 302 1421 Σίμων
324 1335 392 1424 περὶ
416 1338 552 1424 ἱππικῆς.
597 1334 799 1418 Quamobrem
823 1335 967 1402 Siizlerus
990 1336 1112 1421 quidem
1141 1333 1309 1401 landandus

195 1441 250 1514 est,
281 1440 360 1523 quod
389 1437 579 1526 σύγγραμμα
607 1439 758 1523 glossema
788 1459 853 1504 esse
882 1441 1030 1525 sagaciter
1061 1440 1224 1516 intellexit,
1256 1436 1308 1502 sed

196 1561 255 1607 non
278 1543 470 1626 desumptum
494 1563 558 1608 osse
589 1542 707 1608 uidetur
731 1546 766 1608 ut
794 1545 836 1608 ait
864 1564 899 1609 er
931 1543 1067 1627 sequenti
1100 1538 1311 1629 ουγγράψειεν.

197 1645 302 1711 Potine
324 1666 359 1712 en
380 1647 434 1712 illa
455 1647 647 1712 annotatione
670 1647 831 1732 marginali
853 1645 1043 1736 σύγγραμμα
1071 1644 1252 1711 rotabulum
1280 1643 1311 1707 in

196 1753 311 1817 textum
337 1753 473 1834 irrepsit,
504 1753 537 1816 ut
567 1751 682 1834 reliqua
709 1752 911 1816 annotationis
940 1769 1011 1833 pars
1044 1748 1237 1834 Ξενοφῶντος
1266 1746 1314 1812 vel

196 1852 262 1922 ἔστι
283 1853 476 1943 Ξενοφῶντος
499 1873 585 1919 verae
607 1854 768 1938 fragmenti
782 1855 986 1937 inscriptionis
1010 1851 1202 1936 porrigendae
1222 1869 1313 1916 eausa

196 1957 346 2039 adscripta
369 1977 433 2022 esse
456 1959 606 2024 videretur
628 1958 760 2025 librario.
806 1957 863 2038 Qui
886 1977 954 2023 oum
986 1958 1155 2041 ignoraret.
1187 1973 1222 2020 ex
1255 1973 1312 2039 quo

198 2059 407 2144 Xenophontis
428 2061 505 2127 libro
527 2061 603 2126 illud
625 2062 829 2148 fragmentum
852 2061 1064 2146 depromptum
1089 2061 1168 2124 esset
1191 2061 1221 2123 et
1240 2057 1312 2122 doo-

195 2167 258 2228 tam
281 2164 315 2229 ut
336 2164 463 2246 putabat
484 2165 592 2246 prioris
607 2164 721 2230 librarii
737 2165 964 2230 annotationem
985 2162 1066 2229 hand
1092 2161 1312 2247 neglegendam

195 2285 260 2332 esse
283 2271 433 2345 censeret,
463 2287 523 2333 non
546 2268 712 2347 dubitavit,
743 2271 776 2332 ut
804 2271 868 2334 erat
897 2268 1058 2333 illiteratus
1081 2270 1112 2331 et
1133 2265 1219 2340 levis.
1247 2283 1311 2329 rem

195 2371 238 2436 ita
261 2370 408 2453 expedire,
432 2374 466 2436 ut
487 2371 615 2436 alteram
637 2371 841 2454 inscriptionis
871 2373 986 2454 partem
1019 2370 1055 2435 de
1086 2388 1140 2434 suo
1171 2368 1311 2433 adderet:

196 2474 232 2542 ἐκ
253 2479 307 2540 τοῦ
330 2472 398 2560 περὶ
421 2471 593 2562 Θεόγνιδος,
617 2475 758 2558 quoniam
786 2468 880 2540 totius
910 2472 1071 2558 bragmenti
1101 2473 1313 2556 argumentum

197 2575 234 2639 ad
258 2577 321 2641 eius
343 2578 446 2658 poesin
470 2577 648 2658 pertinebat.
693 2577 834 2644 Ceterum
856 2578 983 2642 tortasse
1004 2575 1166 2661 fragmenti
1189 2574 1311 2639 initium

196 2675 357 2766 Θεόγνιδος
380 2681 461 2746 ἐστιν
483 2677 541 2768 ἔπη
564 2685 617 2749 noir
640 2681 694 2761 M..
718 2681 754 2747 de
776 2700 834 2768 quo
855 2681 933 2748 iufra
948 2678 1179 2766 disputabimus
1193 2676 1307 2764 aliquid

196 2781 228 2846 in
250 2781 306 2848 hae
328 2801 360 2847 re
382 2781 489 2847 valuit.

296 2951 367 3020 Non
388 2974 438 3020 me
462 2954 540 3040 fugit
563 2954 764 3019 eonieoturam
787 2974 888 3020 meam
910 2974 967 3020 non
991 2954 1105 3020 nemini
1125 2953 1200 3020 satis
1217 2953 1312 3018 auda-

196 3072 262 3121 oem
298 3058 329 3122 et
364 3077 459 3141 paene
495 3058 688 3123 temerariam
726 3059 824 3123 visum
859 3059 906 3138 iri,
940 3057 992 3123 sed
1028 3056 1221 3142 cogitandum
1256 3065 1311 3134 est,

197 3178 287 3240 quam
309 3162 441 3246 graviter
462 3162 494 3226 in
517 3161 683 3226 Stobaeifl
715 3161 874 3244 praecipue
901 3163 1108 3246 exoerptorum
1139 3160 1313 3243 inscriptio-

195 3282 248 3327 nes
271 3267 427 3348 oorruptae
451 3265 520 3329 sint.
574 3263 654 3327 Nam
685 3263 764 3346 quod
792 3263 934 3329 librarius
962 3265 1171 3347 Xenophontis
1203 3282 1312 3328 nomen

195 3365 365 3450 fragmento
387 3369 487 3433 nostro
510 3369 689 3450 inscriptum
712 3369 776 3432 sine
798 3368 861 3432 ulla
887 3368 1073 3433 dubitatione
1105 3367 1219 3450 reoepit
1250 3384 1310 3432 nou

196 3469 309 3534 mimm
324 3471 379 3551 est,
392 3472 535 3554 quoniam
547 3490 582 3535 ex
592 3471 791 3554 Xenophonte
802 3472 995 3554 potissimum
1010 3471 1157 3536 Stohaens
1174 3475 1312 3554 exoerpta

196 3591 250 3637 sua
278 3573 396 3656 petivit.
448 3575 608 3640 Praeterea
638 3574 730 3639 etiam
758 3574 790 3639 in
817 3575 1062 3658 inseriptionihus
1090 3580 1309 3657 excerptorum,

196 3694 272 3759 quae
294 3696 398 3743 revera
420 3697 456 3743 er
476 3677 684 3760 Xenophontis
705 3678 792 3743 libris
813 3681 934 3761 sumpta
956 3681 1035 3756 sunt,
1059 3677 1213 3742 interdum
1230 3677 1311 3760 lapsi

195 3781 266 3844 sunt
297 3779 429 3859 librarii,
462 3780 555 3845 veluti
590 3779 786 3845 Sehenlrelius
819 3780 966 3845 eiusmodi
1000 3799 1130 3845 errorem
1157 3779 1181 3845 i
1214 3780 1235 3845 l.
1267 3781 1312 3846 llI

116 3899 123 3912 ⁴
193 3901 225 3965 p.
250 3883 312 3949 109
333 3884 458 3949 notavit.
503 3883 568 3948 Neo
589 3882 742 3948 inauditus
764 3885 810 3948 est
830 3883 1003 3948 huiusmodi
1025 3902 1129 3961 oasus,
1159 3884 1194 3949 ut
1216 3883 1307 3950 rerba

194 3983 225 4050 in
254 3986 390 4072 margine
421 3986 538 4052 adieota
564 3985 643 4068 apud
664 3984 826 4052 Stohaeum
848 3986 1022 4070 irrepserint
1043 3987 1075 4050 in
1097 3988 1214 4051 textum
1236 3988 1266 4052 et
1288 4005 1306 4051 a

192 4087 324 4154 librariis
346 4091 415 4173 apte
440 4090 538 4174 quoad
559 4089 624 4154 lieri
646 4089 745 4172 potuit
766 4108 835 4155 oum
858 4089 996 4174 genuinis
1021 4089 1122 4157 verbis
1145 4090 1306 4156 oouiunota

194 4192 264 4274 sint,
289 4192 374 4259 ouius
395 4194 439 4260 rei
461 4192 632 4279 exemplum
654 4192 860 4274 manifestum,
883 4192 963 4281 quod
990 4192 1183 4262 simillimum
1212 4194 1259 4258 est
1280 4193 1308 4262 ei
